2040 3412
1045 282 1131 334 246

286 415 415 456 spem
458 401 788 443 incolumitatis
830 401 1033 443 Caesaris
1074 402 1279 451 affirmat,
1323 416 1459 456 quam
1500 403 1536 444 si
1578 398 1883 445 iussmilitum

287 495 376 522 uno
419 481 495 522 illo
538 481 610 522 die
655 482 702 522 in
732 481 932 535 aliquem
963 481 1228 524 libertorum
1261 482 1521 524 transferret
1533 501 1543 533 ;
1578 496 1717 538 seque
1749 482 1883 526 offert
1931 488 1933 491 ’
1969 473 1991 492 ”²

285 559 644 615 suscepturum.''

346 639 457 693 Quis
497 640 735 694 imperium
770 640 976 691 militare,
1010 642 1132 694 quod
1166 655 1284 683 nunc
1317 655 1457 696 penes
1490 642 1668 697 Getam,
1700 655 1882 698 suspec-

286 724 383 760 tum
416 719 662 769 hominem,
696 726 776 770 est,
811 721 868 761 ad
900 720 1166 762 libertorum
1199 721 1395 776 aliquem
1427 722 1680 772 transferet,
1712 723 1748 764 si
1775 735 1883 765 eon-

285 798 385 840 silio
430 799 626 841 Narcissi
671 799 1090 854 obtemperabitur?
1125 801 1302 856 Nempe
1336 801 1563 844 Claudius.
1596 802 1658 844 Et
1689 803 1760 844 cui
1793 803 1880 845 hoc

286 880 366 921 dat
407 879 643 924 consilium
675 904 733 910 —
765 894 870 921 nam
913 880 1149 923 consilium
1191 882 1376 936 aliquod
1419 883 1463 924 in
1507 883 1657 924 verbis
1688 883 1784 925 eius
1814 867 1885 926 ἰῐι-Ι

286 972 397 1006 esse,
446 972 537 1000 non
586 973 755 1000 meram
799 961 1076 1014 opinionem,
1120 962 1220 1015 quis
1262 961 1474 1016 negabit?
1517 987 1576 993 —-
1619 962 1882 1007 Narcissus?

287 1039 465 1093 Nempe
509 1038 712 1080 Claudio.
748 1040 808 1080 Et
840 1040 897 1081 de
930 1041 1052 1082 cuius
1082 1041 1256 1083 libertis
1288 1042 1361 1084 hic
1393 1056 1541 1084 sermo
1573 1041 1670 1085 est?
1703 1042 1879 1089 Claudii

285 1124 334 1160 ut
366 1118 541 1172 opinor.
571 1117 866 1160 Confidenter
893 1133 1000 1174 ergo
1028 1134 1111 1174 pro
1139 1121 1347 1163 Caesaris
1369 1135 1543 1176 repono
1565 1122 1762 1174 Caesari,
1790 1137 1881 1178 qua

285 1188 549 1239 coniectura
586 1198 718 1240 simul
749 1200 970 1241 sermonis
1002 1200 1248 1242 consulitur
1281 1202 1544 1256 integritati.
1580 1202 1699 1244 Nam
1730 1216 1879 1258 neque

285 1278 372 1318 isto
419 1277 607 1319 Caesari
646 1292 798 1320 carere
841 1279 913 1320 hic
945 1280 1169 1334 possimus
1201 1285 1247 1322 et
1283 1294 1398 1334 „non
1429 1281 1565 1323 aliam
1596 1295 1726 1337 spem
1757 1282 1882 1325 inco·-

283 1357 502 1399 lumitatis
545 1357 747 1400 Caesaris
778 1359 1000 1401 affirmat”
1034 1360 1226 1401 duritiae
1259 1366 1328 1401 est
1359 1373 1450 1402 non
1482 1360 1710 1403 ferendae.
1748 1361 1880 1416 „Non

285 1443 352 1478 est
384 1437 471 1478 alia
504 1437 826 1480 incolumitatis
858 1438 991 1493 spes’'
1018 1440 1081 1480 sic
1110 1439 1347 1481 Claudium
1376 1440 1610 1483 Narcissus
1637 1441 1881 1496 alloquitur

290 1532 451 1572 „quam
479 1519 514 1560 si
543 1518 630 1560 hoc
658 1533 747 1560 uno
776 1519 848 1560 die
876 1520 1116 1574 imperium
1144 1521 1533 1575 praetorianorum
1551 1521 1596 1562 in
1613 1521 1878 1567 libertorum
1915 1521 1919 1525 ’

285 1603 465 1639 tuorum
508 1598 706 1652 aliquem
749 1598 1032 1640 transferes.”
1078 1600 1147 1641 De
1179 1615 1261 1642 sua
1293 1614 1390 1642 esse
1422 1614 1678 1643 sermonem
1710 1601 1880 1645 incolu-

285 1678 443 1719 mitate
474 1684 653 1732 sponte,
687 1684 735 1720 ut
768 1679 942 1733 opinor,
976 1679 1200 1721 intellexit
1232 1681 1424 1735 pavidus
1455 1680 1680 1736 princeps.
1739 1713 1742 1714 γ

345 1837 403 1879 A.
438 1837 518 1887 XI,
554 1849 622 1891 34.
657 1838 727 1879 De
759 1838 1106 1892 importunitate
1139 1839 1291 1880 uxoris
1323 1840 1513 1881 edoctus
1545 1839 1770 1891 Claudius,
1802 1853 1878 1883 co·
1927 1900 1929 1902 η

285 1916 470 1957 mitibus
509 1916 696 1958 Vitellio
739 1923 785 1958 et
829 1918 979 1971 Largo
1022 1917 1218 1960 Caecina
1260 1919 1304 1959 in
1349 1919 1507 1960 urbem
1539 1919 1782 1961 revehitur.
1808 1919 1878 1962 -In

283 2008 374 2048 quo
417 1996 577 2037 itinere
611 1996 821 2038 Vitellius
862 1998 1115 2040 identidem
1159 2011 1211 2051 „o
1243 1998 1427 2048 facinus,
1462 2012 1489 2040 o
1523 1998 1696 2040 scelus”
1728 2012 1878 2054 neque

283 2076 533 2129 quidquam
566 2076 683 2117 ultra
715 2076 965 2118 clamabat:

347 2155 579 2207 „Instabat
621 2157 807 2210 quidem
842 2157 1077 2198 Narcissus
1108 2158 1304 2211 aperiret
1335 2158 1564 2212 ambages,
1598 2163 1644 2200 et
1676 2158 1770 2200 veri
1800 2152 1875 2200 co·
1910 2158 1913 2159 ⁷

283 2234 405 2288 piam
437 2234 605 2276 faceret
626 2234 677 2289 ¹);
713 2236 793 2276 sed
828 2249 918 2277 non
952 2236 1055 2277 ideo
1083 2237 1288 2291 pervicit,
1316 2238 1424 2291 quin
1452 2251 1668 2292 suspensa
1694 2244 1754 2288 et,
1782 2250 1874 2292 quo

282 2314 554 2356 ducerentur
596 2315 864 2358 inclinatura
896 2318 1206 2371 responderet,
1239 2317 1543 2372 exemploque
1575 2318 1670 2361 eius
1702 2319 1876 2373 Largus

283 2393 478 2434 Caecina
510 2394 756 2436 uteretur.’'

342 2473 488 2514 Multo
531 2474 695 2515 rectius
737 2474 809 2515 hic
854 2488 936 2529 pro
979 2483 1179 2517 uteretur
1221 2475 1423 2530 legemus
1465 2477 1682 2519 utebatur.
1715 2472 1874 2520 Solum

292 2551 512 2593 Vitellium
561 2558 610 2594 ut
656 2553 871 2607 ambages
917 2567 1018 2596 suas
1065 2555 1262 2608 aperiret
1309 2556 1542 2617 Narcissus
1586 2556 1876 2600 hortabatur&
1925 2555 1927 2557 ¹
1962 2546 1983 2622 ΔΪ

281 2631 396 2672 illius
438 2632 558 2673 enim
601 2632 777 2674 fuerant
821 2633 1175 2676 exclamationes
1217 2635 1342 2676 istae.
1387 2636 1565 2678 Deinde
1607 2637 1777 2692 aliquid
1813 2637 1872 2680 de

280 2710 422 2751 altero
456 2712 622 2753 comite
657 2712 831 2754 Claudii
865 2714 1057 2768 scriptor
1088 2714 1231 2755 addit.

331 2851 365 2893 1)
398 2852 506 2883 Recte
540 2853 695 2894 aperiret
708 2853 898 2896 —faceret
929 2855 1127 2897 Madvigius
1161 2856 1285 2897 reponi
1316 2856 1416 2888 iussit
1442 2866 1506 2898 pro
1531 2856 1728 2898 aperire—
1731 2858 1871 2899 facere.

280 2907 368 2947 Quis
402 2908 447 2939 sit
480 2909 517 2939 in
550 2909 611 2941 tali
645 2920 680 2942 re
705 2911 886 2952 aperiendi
910 2912 1008 2943 verbi
1033 2922 1113 2944 usus
1136 2912 1259 2944 docere
1286 2917 1433 2954 possunt
1457 2912 1494 2944 hi
1520 2912 1588 2945 loci
1604 2922 1657 2945 ex
1682 2913 1871 2946 Historiis:
1935 2906 1981 2928 ’χ’

279 2965 319 2996 L.
346 2965 393 3007 ΙΙ,
421 2970 463 3006 53
490 2969 524 2996 et
552 2965 606 3006 78.
