<?xml version="1.0" encoding="UTF-8"?>
<!DOCTYPE html PUBLIC "-//W3C//DTD XHTML 1.0 Transitional//EN"
    "http://www.w3.org/TR/xhtml1/DTD/xhtml1-transitional.dtd">
<html xmlns="http://www.w3.org/1999/xhtml" xml:lang="en" lang="en">
 <head>
  <title>
</title>
<meta http-equiv="Content-Type" content="text/html;charset=utf-8" />
  <meta name='ocr-system' content='tesseract 3.04.00' />
  <meta name='ocr-capabilities' content='ocr_page ocr_carea ocr_par ocr_line ocrx_word'/>
</head>
<body>
  <div class='ocr_page' id='page_1' title='image "analectatacitea00hartuoft_0059.png"; bbox 0 0 2040 3412; ppageno 0'>
   <div class='ocr_carea' id='block_1_1' title="bbox 927 317 974 361">
    <p class='ocr_par' dir='ltr' id='par_1_1' title="bbox 927 317 974 361">
     <span class='ocr_line' id='line_1_1' title="bbox 927 317 974 361; baseline 0 -12"><span class='ocrx_word' id='word_1_1' title='bbox 927 317 974 361; x_wconf 78' lang='lat'>51</span> 
     </span>
    </p>
   </div>
   <div class='ocr_carea' id='block_1_2' title="bbox 66 414 1758 802">
    <p class='ocr_par' dir='ltr' id='par_1_2' title="bbox 65 414 1758 810">
     <span class='ocr_line' id='line_1_2' title="bbox 153 414 1756 483; baseline 0.003 -17"><span class='ocrx_word' id='word_1_2' title='bbox 153 429 222 467; x_wconf 88' lang='lat' dir='ltr'>est</span> <span class='ocrx_word' id='word_1_3' title='bbox 261 426 500 476; x_wconf 86' lang='lat' dir='ltr'>sententia,</span> <span class='ocrx_word' id='word_1_4' title='bbox 535 414 670 468; x_wconf 33' lang='lat' dir='ltr'>cuius·</span> <span class='ocrx_word' id='word_1_5' title='bbox 692 440 944 469; x_wconf 87' lang='lat' dir='ltr'>memorem</span> <span class='ocrx_word' id='word_1_6' title='bbox 978 441 1075 469; x_wconf 91' lang='lat' dir='ltr'>esse</span> <span class='ocrx_word' id='word_1_7' title='bbox 1109 428 1241 470; x_wconf 89' lang='lat' dir='ltr'>decet</span> <span class='ocrx_word' id='word_1_8' title='bbox 1274 441 1646 483; x_wconf 89' lang='lat' dir='ltr'>unumquemque</span> <span class='ocrx_word' id='word_1_9' title='bbox 1680 430 1756 483; x_wconf 92' lang='lat' dir='ltr'>qui</span> 
     </span>
     <span class='ocr_line' id='line_1_3' title="bbox 150 504 1758 563; baseline 0.002 -16"><span class='ocrx_word' id='word_1_10' title='bbox 150 504 315 547; x_wconf 86' lang='lat' dir='ltr'>-Tacito</span> <span class='ocrx_word' id='word_1_11' title='bbox 343 506 423 548; x_wconf 91' lang='lat' dir='ltr'>dat</span> <span class='ocrx_word' id='word_1_12' title='bbox 450 520 651 561; x_wconf 88' lang='lat' dir='ltr'>operam,</span> <span class='ocrx_word' id='word_1_13' title='bbox 680 508 932 549; x_wconf 91' lang='lat' dir='ltr'>dummodo</span> <span class='ocrx_word' id='word_1_14' title='bbox 961 522 1017 549; x_wconf 91' lang='lat' dir='ltr'>ne</span> <span class='ocrx_word' id='word_1_15' title='bbox 1046 522 1246 562; x_wconf 89' lang='lat' dir='ltr'>unquam</span> <span class='ocrx_word' id='word_1_16' title='bbox 1275 523 1328 550; x_wconf 92' lang='lat' dir='ltr'>ea</span> <span class='ocrx_word' id='word_1_17' title='bbox 1352 514 1506 550; x_wconf 90' lang='lat' dir='ltr'>utatur</span> <span class='ocrx_word' id='word_1_18' title='bbox 1522 508 1579 549; x_wconf 93' lang='lat' dir='ltr'>ad</span> <span class='ocrx_word' id='word_1_19' title='bbox 1599 513 1758 563; x_wconf 89' lang='lat' dir='ltr'>aperta</span> 
     </span>
     <span class='ocr_line' id='line_1_4' title="bbox 150 585 1757 640; baseline 0.002 -14"><span class='ocrx_word' id='word_1_20' title='bbox 150 585 381 639; x_wconf 88' lang='lat' dir='ltr'>nimiaque</span> <span class='ocrx_word' id='word_1_21' title='bbox 426 585 499 627; x_wconf 93' lang='lat' dir='ltr'>vel</span> <span class='ocrx_word' id='word_1_22' title='bbox 539 587 679 640; x_wconf 90' lang='lat' dir='ltr'>ipsius</span> <span class='ocrx_word' id='word_1_23' title='bbox 721 587 869 628; x_wconf 85' lang='lat' dir='ltr'>Taciti</span> <span class='ocrx_word' id='word_1_24' title='bbox 903 587 974 628; x_wconf 91' lang='lat' dir='ltr'>vel</span> <span class='ocrx_word' id='word_1_25' title='bbox 1006 588 1292 629; x_wconf 81' lang='lat' dir='ltr'>librariorum</span> <span class='ocrx_word' id='word_1_26' title='bbox 1325 589 1435 630; x_wconf 88' lang='lat' dir='ltr'>vitia</span> <span class='ocrx_word' id='word_1_27' title='bbox 1468 587 1757 630; x_wconf 91' lang='lat' dir='ltr'>defendenda</span> 
     </span>
     <span class='ocr_line' id='line_1_5' title="bbox 66 664 1756 725; baseline 0.002 -19"><span class='ocrx_word' id='word_1_28' title='bbox 66 723 70 725; x_wconf 65' lang='lat'>‚</span> <span class='ocrx_word' id='word_1_29' title='bbox 150 664 224 706; x_wconf 84' lang='lat' dir='ltr'>vel</span> <span class='ocrx_word' id='word_1_30' title='bbox 261 666 534 707; x_wconf 87' lang='lat' dir='ltr'>excusanda.</span> <span class='ocrx_word' id='word_1_31' title='bbox 569 665 690 720; x_wconf 78' lang='lat' dir='ltr'>Quid</span> <span class='ocrx_word' id='word_1_32' title='bbox 725 668 844 708; x_wconf 89' lang='lat' dir='ltr'>enim</span> <span class='ocrx_word' id='word_1_33' title='bbox 879 673 973 708; x_wconf 92' lang='lat' dir='ltr'>tarn</span> <span class='ocrx_word' id='word_1_34' title='bbox 1007 673 1075 708; x_wconf 91' lang='lat' dir='ltr'>est</span> <span class='ocrx_word' id='word_1_35' title='bbox 1107 668 1354 709; x_wconf 88' lang='lat' dir='ltr'>absurdum</span> <span class='ocrx_word' id='word_1_36' title='bbox 1388 669 1512 722; x_wconf 92' lang='lat' dir='ltr'>quod</span> <span class='ocrx_word' id='word_1_37' title='bbox 1546 682 1638 717; x_wconf 88' lang='lat' dir='ltr'>non</span> <span class='ocrx_word' id='word_1_38' title='bbox 1672 669 1756 710; x_wconf 90' lang='lat' dir='ltr'>hac</span> 
     </span>
     <span class='ocr_line' id='line_1_6' title="bbox 144 745 1754 802; baseline 0.002 -15.86"><span class='ocrx_word' id='word_1_39' title='bbox 144 745 326 787; x_wconf 64' lang='lat' dir='ltr'>&gt;ratione</span> <span class='ocrx_word' id='word_1_40' title='bbox 354 759 514 787; x_wconf 89' lang='lat' dir='ltr'>sanum</span> <span class='ocrx_word' id='word_1_41' title='bbox 542 746 860 800; x_wconf 89' lang='lat' dir='ltr'>integrumque</span> <span class='ocrx_word' id='word_1_42' title='bbox 888 748 1031 788; x_wconf 85' lang='lat' dir='ltr'>videri</span> <span class='ocrx_word' id='word_1_43' title='bbox 1060 746 1230 802; x_wconf 85' lang='lat' dir='ltr'>possit?</span> <span class='ocrx_word' id='word_1_44' title='bbox 1258 748 1331 788; x_wconf 85' lang='lat' dir='ltr'>Ex</span> <span class='ocrx_word' id='word_1_45' title='bbox 1348 747 1571 802; x_wconf 84' lang='lat' dir='ltr'>exemplis</span> <span class='ocrx_word' id='word_1_46' title='bbox 1588 754 1754 798; x_wconf 88' lang='lat' dir='ltr'>autem,</span> 
     </span>
    </p>
   </div>
   <div class='ocr_carea' id='block_1_3' title="bbox 151 825 1757 882">
    <p class='ocr_par' dir='ltr' id='par_1_3' title="bbox 49 803 1757 890">
     <span class='ocr_line' id='line_1_7' title="bbox 151 825 1757 882; baseline 0.002 -15.821"><span class='ocrx_word' id='word_1_47' title='bbox 151 838 268 880; x_wconf 91' lang='lat' dir='ltr'>quae</span> <span class='ocrx_word' id='word_1_48' title='bbox 306 825 556 867; x_wconf 86' lang='lat' dir='ltr'>Pfitznerus</span> <span class='ocrx_word' id='word_1_49' title='bbox 587 826 732 876; x_wconf 87' lang='lat' dir='ltr'>affert,</span> <span class='ocrx_word' id='word_1_50' title='bbox 767 827 965 868; x_wconf 84' lang='lat' dir='ltr'>maxime</span> <span class='ocrx_word' id='word_1_51' title='bbox 998 828 1172 882; x_wconf 86' lang='lat' dir='ltr'>insigne</span> <span class='ocrx_word' id='word_1_52' title='bbox 1207 828 1400 878; x_wconf 89' lang='lat' dir='ltr'>videtur,</span> <span class='ocrx_word' id='word_1_53' title='bbox 1435 829 1558 882; x_wconf 90' lang='lat' dir='ltr'>quod</span> <span class='ocrx_word' id='word_1_54' title='bbox 1593 828 1757 882; x_wconf 92' lang='lat' dir='ltr'>legitur</span> 
     </span>
    </p>
   </div>
   <div class='ocr_carea' id='block_1_4' title="bbox 82 903 1756 1764">
    <p class='ocr_par' dir='ltr' id='par_1_4' title="bbox 44 894 1756 1602">
     <span class='ocr_line' id='line_1_8' title="bbox 149 903 1755 960; baseline 0.002 -13.774"><span class='ocrx_word' id='word_1_55' title='bbox 149 903 209 947; x_wconf 91' lang='lat' dir='ltr'>A.</span> <span class='ocrx_word' id='word_1_56' title='bbox 254 905 383 955; x_wconf 92' lang='lat' dir='ltr'>XIV,</span> <span class='ocrx_word' id='word_1_57' title='bbox 426 918 508 958; x_wconf 90' lang='lat'>44:</span> <span class='ocrx_word' id='word_1_58' title='bbox 553 919 702 960; x_wconf 89' lang='lat' dir='ltr'>neque</span> <span class='ocrx_word' id='word_1_59' title='bbox 745 906 1011 948; x_wconf 90' lang='lat' dir='ltr'>incredibile</span> <span class='ocrx_word' id='word_1_60' title='bbox 1054 912 1123 948; x_wconf 90' lang='lat' dir='ltr'>est</span> <span class='ocrx_word' id='word_1_61' title='bbox 1165 907 1237 948; x_wconf 93' lang='lat' dir='ltr'>hic</span> <span class='ocrx_word' id='word_1_62' title='bbox 1280 921 1436 948; x_wconf 90' lang='lat' dir='ltr'>verum</span> <span class='ocrx_word' id='word_1_63' title='bbox 1482 908 1755 950; x_wconf 81' lang='lat' dir='ltr'>Pfitznerum</span> 
     </span>
     <span class='ocr_line' id='line_1_9' title="bbox 148 984 1754 1043; baseline 0.001 -14.878"><span class='ocrx_word' id='word_1_64' title='bbox 148 984 330 1026; x_wconf 83' lang='lat' dir='ltr'>vidisse.</span> <span class='ocrx_word' id='word_1_65' title='bbox 364 985 498 1027; x_wconf 88' lang='lat' dir='ltr'>Certe</span> <span class='ocrx_word' id='word_1_66' title='bbox 531 986 643 1027; x_wconf 90' lang='lat' dir='ltr'>mira</span> <span class='ocrx_word' id='word_1_67' title='bbox 676 991 744 1027; x_wconf 88' lang='lat' dir='ltr'>est</span> <span class='ocrx_word' id='word_1_68' title='bbox 778 986 840 1027; x_wconf 93' lang='lat' dir='ltr'>ibi</span> <span class='ocrx_word' id='word_1_69' title='bbox 873 992 919 1027; x_wconf 89' lang='lat' dir='ltr'>et</span> <span class='ocrx_word' id='word_1_70' title='bbox 952 987 1356 1037; x_wconf 85' lang='lat' dir='ltr'>contortaoratio,</span> <span class='ocrx_word' id='word_1_71' title='bbox 1390 1001 1538 1042; x_wconf 93' lang='lat' dir='ltr'>neque</span> <span class='ocrx_word' id='word_1_72' title='bbox 1572 1002 1754 1043; x_wconf 88' lang='lat' dir='ltr'>corrup-</span> 
     </span>
     <span class='ocr_line' id='line_1_10' title="bbox 82 1046 1756 1123; baseline 0.002 -16"><span class='ocrx_word' id='word_1_73' title='bbox 82 1046 96 1074; x_wconf 66' lang='grc'><em>”</em></span> <span class='ocrx_word' id='word_1_74' title='bbox 148 1069 247 1107; x_wconf 87' lang='lat' dir='ltr'>tum</span> <span class='ocrx_word' id='word_1_75' title='bbox 295 1079 392 1107; x_wconf 91' lang='lat' dir='ltr'>esse</span> <span class='ocrx_word' id='word_1_76' title='bbox 438 1065 589 1108; x_wconf 92' lang='lat' dir='ltr'>locum</span> <span class='ocrx_word' id='word_1_77' title='bbox 638 1066 880 1108; x_wconf 90' lang='lat' dir='ltr'>verisimile</span> <span class='ocrx_word' id='word_1_78' title='bbox 931 1073 1022 1109; x_wconf 90' lang='lat' dir='ltr'>est:</span> <span class='ocrx_word' id='word_1_79' title='bbox 1066 1068 1154 1109; x_wconf 89' lang='lat' dir='ltr'>hoc</span> <span class='ocrx_word' id='word_1_80' title='bbox 1196 1069 1316 1109; x_wconf 93' lang='lat' dir='ltr'>enim</span> <span class='ocrx_word' id='word_1_81' title='bbox 1359 1068 1436 1122; x_wconf 90' lang='lat' dir='ltr'>qui</span> <span class='ocrx_word' id='word_1_82' title='bbox 1479 1074 1756 1123; x_wconf 87' lang='lat' dir='ltr'>putaverunt</span> 
     </span>
     <span class='ocr_line' id='line_1_11' title="bbox 146 1144 1755 1203; baseline 0.002 -16"><span class='ocrx_word' id='word_1_83' title='bbox 146 1144 311 1187; x_wconf 80' lang='lat' dir='ltr'>frustra</span> <span class='ocrx_word' id='word_1_84' title='bbox 353 1146 398 1187; x_wconf 93' lang='lat' dir='ltr'>in</span> <span class='ocrx_word' id='word_1_85' title='bbox 442 1147 733 1188; x_wconf 91' lang='lat' dir='ltr'>emendando</span> <span class='ocrx_word' id='word_1_86' title='bbox 767 1161 822 1188; x_wconf 92' lang='lat' dir='ltr'>eo</span> <span class='ocrx_word' id='word_1_87' title='bbox 856 1148 1148 1190; x_wconf 82' lang='lat' dir='ltr'>desudarunt.</span> <span class='ocrx_word' id='word_1_88' title='bbox 1184 1149 1226 1189; x_wconf 91' lang='lat' dir='ltr'>Is</span> <span class='ocrx_word' id='word_1_89' title='bbox 1258 1155 1411 1190; x_wconf 89' lang='lat' dir='ltr'>autem</span> <span class='ocrx_word' id='word_1_90' title='bbox 1445 1149 1522 1203; x_wconf 90' lang='lat' dir='ltr'>qui</span> <span class='ocrx_word' id='word_1_91' title='bbox 1555 1149 1755 1203; x_wconf 89' lang='lat' dir='ltr'>loquitur</span> 
     </span>
     <span class='ocr_line' id='line_1_12' title="bbox 146 1229 1750 1284; baseline 0.002 -16"><span class='ocrx_word' id='word_1_92' title='bbox 146 1239 208 1268; x_wconf 83' lang='lat' dir='ltr'>ex</span> <span class='ocrx_word' id='word_1_93' title='bbox 243 1240 299 1268; x_wconf 92' lang='lat' dir='ltr'>eo</span> <span class='ocrx_word' id='word_1_94' title='bbox 341 1241 508 1282; x_wconf 87' lang='lat' dir='ltr'>genere</span> <span class='ocrx_word' id='word_1_95' title='bbox 545 1234 614 1269; x_wconf 91' lang='lat' dir='ltr'>est</span> <span class='ocrx_word' id='word_1_96' title='bbox 646 1229 882 1270; x_wconf 90' lang='lat' dir='ltr'>hominurn</span> <span class='ocrx_word' id='word_1_97' title='bbox 917 1243 1032 1283; x_wconf 87' lang='lat' dir='ltr'>quos</span> <span class='ocrx_word' id='word_1_98' title='bbox 1064 1229 1256 1271; x_wconf 85' lang='lat' dir='ltr'>obscure</span> <span class='ocrx_word' id='word_1_99' title='bbox 1291 1235 1592 1284; x_wconf 88' lang='lat' dir='ltr'>contorteque</span> <span class='ocrx_word' id='word_1_100' title='bbox 1626 1230 1750 1284; x_wconf 92' lang='lat' dir='ltr'>loqui</span> 
     </span>
     <span class='ocr_line' id='line_1_13' title="bbox 148 1307 1754 1359; baseline 0.002 -11"><span class='ocrx_word' id='word_1_101' title='bbox 148 1319 240 1348; x_wconf 89' lang='lat' dir='ltr'>non</span> <span class='ocrx_word' id='word_1_102' title='bbox 283 1307 417 1348; x_wconf 92' lang='lat' dir='ltr'>nimis</span> <span class='ocrx_word' id='word_1_103' title='bbox 460 1308 687 1350; x_wconf 90' lang='lat' dir='ltr'>miremur.</span> <span class='ocrx_word' id='word_1_104' title='bbox 726 1308 918 1359; x_wconf 83' lang='lat' dir='ltr'>Cassius,</span> <span class='ocrx_word' id='word_1_105' title='bbox 963 1307 1124 1350; x_wconf 91' lang='lat' dir='ltr'>doctus</span> <span class='ocrx_word' id='word_1_106' title='bbox 1167 1309 1508 1350; x_wconf 89' lang='lat' dir='ltr'>iurisconsultus</span> <span class='ocrx_word' id='word_1_107' title='bbox 1552 1315 1598 1350; x_wconf 91' lang='lat' dir='ltr'>et</span> <span class='ocrx_word' id='word_1_108' title='bbox 1639 1311 1754 1351; x_wconf 92' lang='lat' dir='ltr'>anti-</span> 
     </span>
     <span class='ocr_line' id='line_1_14' title="bbox 148 1387 1753 1444; baseline 0.002 -16"><span class='ocrx_word' id='word_1_109' title='bbox 148 1387 344 1442; x_wconf 86' lang='lat' dir='ltr'>quarius,</span> <span class='ocrx_word' id='word_1_110' title='bbox 403 1394 610 1430; x_wconf 86' lang='lat' dir='ltr'>extrema</span> <span class='ocrx_word' id='word_1_111' title='bbox 663 1403 760 1430; x_wconf 88' lang='lat' dir='ltr'>esse</span> <span class='ocrx_word' id='word_1_112' title='bbox 809 1390 1030 1431; x_wconf 91' lang='lat' dir='ltr'>utendum</span> <span class='ocrx_word' id='word_1_113' title='bbox 1079 1391 1296 1431; x_wconf 89' lang='lat' dir='ltr'>adversus</span> <span class='ocrx_word' id='word_1_114' title='bbox 1343 1404 1510 1440; x_wconf 88' lang='lat' dir='ltr'>servos,</span> <span class='ocrx_word' id='word_1_115' title='bbox 1561 1404 1753 1444; x_wconf 90' lang='lat' dir='ltr'>quorum</span> 
     </span>
     <span class='ocr_line' id='line_1_15' title="bbox 147 1457 1754 1524; baseline 0.002 -15"><span class='ocrx_word' id='word_1_116' title='bbox 147 1467 322 1509; x_wconf 88' lang='lat' dir='ltr'>domini</span> <span class='ocrx_word' id='word_1_117' title='bbox 361 1474 466 1510; x_wconf 90' lang='lat' dir='ltr'>sunt</span> <span class='ocrx_word' id='word_1_118' title='bbox 499 1469 648 1519; x_wconf 89' lang='lat' dir='ltr'>occisi,</span> <span class='ocrx_word' id='word_1_119' title='bbox 683 1457 926 1511; x_wconf 88' lang='lat' dir='ltr'>severitate</span> <span class='ocrx_word' id='word_1_120' title='bbox 960 1470 1112 1511; x_wconf 91' lang='lat' dir='ltr'>multis</span> <span class='ocrx_word' id='word_1_121' title='bbox 1144 1471 1422 1524; x_wconf 81' lang='lat' dir='ltr'>argumentis</span> <span class='ocrx_word' id='word_1_122' title='bbox 1456 1470 1532 1512; x_wconf 94' lang='lat' dir='ltr'>ubi</span> <span class='ocrx_word' id='word_1_123' title='bbox 1566 1471 1754 1512; x_wconf 89' lang='lat' dir='ltr'>demon-</span> 
     </span>
     <span class='ocr_line' id='line_1_16' title="bbox 147 1548 921 1602; baseline 0.004 -14"><span class='ocrx_word' id='word_1_124' title='bbox 147 1548 322 1598; x_wconf 87' lang='lat' dir='ltr'>stravit,</span> <span class='ocrx_word' id='word_1_125' title='bbox 356 1554 588 1602; x_wconf 90' lang='lat' dir='ltr'>postremo</span> <span class='ocrx_word' id='word_1_126' title='bbox 623 1549 735 1591; x_wconf 90' lang='lat' dir='ltr'>haec</span> <span class='ocrx_word' id='word_1_127' title='bbox 768 1550 921 1591; x_wconf 87' lang='lat' dir='ltr'>addit:</span> 
     </span>
    </p>

    <p class='ocr_par' dir='ltr' id='par_1_5' title="bbox 99 1614 1754 1764">
     <span class='ocr_line' id='line_1_17' title="bbox 213 1614 1754 1685; baseline 0.002 -16"><span class='ocrx_word' id='word_1_128' title='bbox 213 1627 368 1681; x_wconf 87' lang='lat' dir='ltr'>„Servi</span> <span class='ocrx_word' id='word_1_129' title='bbox 400 1629 436 1670; x_wconf 92' lang='lat' dir='ltr'>si</span> <span class='ocrx_word' id='word_1_130' title='bbox 469 1630 680 1683; x_wconf 90' lang='lat' dir='ltr'>prodant,</span> <span class='ocrx_word' id='word_1_131' title='bbox 710 1643 950 1684; x_wconf 90' lang='lat' dir='ltr'>possumus</span> <span class='ocrx_word' id='word_1_132' title='bbox 977 1614 1140 1685; x_wconf 87' lang='lat' dir='ltr'>singuli</span> <span class='ocrx_word' id='word_1_133' title='bbox 1169 1631 1286 1671; x_wconf 91' lang='lat' dir='ltr'>inter</span> <span class='ocrx_word' id='word_1_134' title='bbox 1320 1630 1483 1685; x_wconf 92' lang='lat' dir='ltr'>plures,</span> <span class='ocrx_word' id='word_1_135' title='bbox 1517 1632 1603 1672; x_wconf 88' lang='lat' dir='ltr'>tuti</span> <span class='ocrx_word' id='word_1_136' title='bbox 1636 1631 1754 1672; x_wconf 86' lang='lat' dir='ltr'>inter</span> 
     </span>
     <span class='ocr_line' id='line_1_18' title="bbox 145 1697 1753 1764; baseline 0.002 -14.917"><span class='ocrx_word' id='word_1_137' title='bbox 145 1709 321 1759; x_wconf 83' lang='lat' dir='ltr'>anxios,</span> <span class='ocrx_word' id='word_1_138' title='bbox 354 1715 588 1764; x_wconf 89' lang='lat' dir='ltr'>postremo</span> <span class='ocrx_word' id='word_1_139' title='bbox 621 1709 656 1750; x_wconf 90' lang='lat' dir='ltr'>si</span> <span class='ocrx_word' id='word_1_140' title='bbox 691 1697 974 1764; x_wconf 86' lang='lat' dir='ltr'>pereundum</span> <span class='ocrx_word' id='word_1_141' title='bbox 1008 1711 1066 1752; x_wconf 85' lang='lat' dir='ltr'>sit</span> <span class='ocrx_word' id='word_1_142' title='bbox 1100 1725 1191 1752; x_wconf 93' lang='lat' dir='ltr'>non</span> <span class='ocrx_word' id='word_1_143' title='bbox 1225 1711 1354 1752; x_wconf 92' lang='lat' dir='ltr'>inulti</span> <span class='ocrx_word' id='word_1_144' title='bbox 1389 1712 1506 1752; x_wconf 88' lang='lat' dir='ltr'>inter</span> <span class='ocrx_word' id='word_1_145' title='bbox 1534 1717 1753 1753; x_wconf 87' lang='lat' dir='ltr'>nocentes</span> 
     </span>
    </p>
   </div>
   <div class='ocr_carea' id='block_1_5' title="bbox 59 1788 327 1844">
    <p class='ocr_par' dir='ltr' id='par_1_6' title="bbox 59 1784 327 1844">
     <span class='ocr_line' id='line_1_19' title="bbox 59 1788 327 1844; baseline -0.004 -13"><span class='ocrx_word' id='word_1_146' title='bbox 59 1790 63 1791; x_wconf 46' lang='lat'><em>⁷</em></span> <span class='ocrx_word' id='word_1_147' title='bbox 102 1798 113 1800; x_wconf 55' lang='grc'>“’</span> <span class='ocrx_word' id='word_1_148' title='bbox 147 1788 327 1844; x_wconf 87' lang='lat' dir='ltr'>agere’&#39;.</span> 
     </span>
    </p>
   </div>
   <div class='ocr_carea' id='block_1_6' title="bbox 0 0 143 3412">
    <p class='ocr_par' dir='ltr' id='par_1_7' title="bbox 0 0 143 3412">
     <span class='ocr_line' id='line_1_20' title="bbox 0 0 143 3412; baseline 0 0"><span class='ocrx_word' id='word_1_149' title='bbox 0 0 143 3412; x_wconf 95' lang='lat' dir='ltr'> </span> 
     </span>
    </p>
   </div>
   <div class='ocr_carea' id='block_1_7' title="bbox 142 1858 1753 3046">
    <p class='ocr_par' dir='ltr' id='par_1_8' title="bbox 142 1858 1753 2634">
     <span class='ocr_line' id='line_1_21' title="bbox 149 1858 1751 1926; baseline 0.001 -14"><span class='ocrx_word' id='word_1_150' title='bbox 149 1895 151 1898; x_wconf 83' lang='lat'><em>.</em></span> <span class='ocrx_word' id='word_1_151' title='bbox 208 1869 458 1925; x_wconf 91' lang='lat' dir='ltr'>Corruptus</span> <span class='ocrx_word' id='word_1_152' title='bbox 500 1869 626 1911; x_wconf 91' lang='lat' dir='ltr'>locus</span> <span class='ocrx_word' id='word_1_153' title='bbox 669 1870 789 1912; x_wconf 89' lang='lat' dir='ltr'>visus</span> <span class='ocrx_word' id='word_1_154' title='bbox 832 1877 901 1912; x_wconf 90' lang='lat' dir='ltr'>est</span> <span class='ocrx_word' id='word_1_155' title='bbox 939 1871 1236 1926; x_wconf 89' lang='lat' dir='ltr'>Nipperdeio‚</span> <span class='ocrx_word' id='word_1_156' title='bbox 1271 1873 1350 1913; x_wconf 91' lang='lat' dir='ltr'>sed</span> <span class='ocrx_word' id='word_1_157' title='bbox 1384 1858 1580 1913; x_wconf 82' lang='lat' dir='ltr'>lectione</span> <span class='ocrx_word' id='word_1_158' title='bbox 1613 1886 1751 1926; x_wconf 91' lang='lat' dir='ltr'>quam</span> 
     </span>
     <span class='ocr_line' id='line_1_22' title="bbox 142 1948 1752 2006; baseline 0.002 -16"><span class='ocrx_word' id='word_1_159' title='bbox 142 1948 221 1990; x_wconf 34' lang='lat' dir='ltr'>ville</span> <span class='ocrx_word' id='word_1_160' title='bbox 263 1950 524 2004; x_wconf 85' lang='lat' dir='ltr'>proposuit:</span> <span class='ocrx_word' id='word_1_161' title='bbox 574 1951 739 2003; x_wconf 90' lang='lat' dir='ltr'>„servis</span> <span class='ocrx_word' id='word_1_162' title='bbox 782 1951 818 1991; x_wconf 91' lang='lat' dir='ltr'>si</span> <span class='ocrx_word' id='word_1_163' title='bbox 851 1952 1135 2005; x_wconf 90' lang='lat' dir='ltr'>pereundum</span> <span class='ocrx_word' id='word_1_164' title='bbox 1167 1952 1238 2001; x_wconf 91' lang='lat' dir='ltr'>sit,</span> <span class='ocrx_word' id='word_1_165' title='bbox 1272 1952 1318 1992; x_wconf 94' lang='lat' dir='ltr'>ni</span> <span class='ocrx_word' id='word_1_166' title='bbox 1352 1952 1562 2006; x_wconf 89' lang='lat' dir='ltr'>prodant,</span> <span class='ocrx_word' id='word_1_167' title='bbox 1598 1966 1752 2006; x_wconf 90' lang='lat' dir='ltr'>possu-</span> 
     </span>
     <span class='ocr_line' id='line_1_23' title="bbox 148 2030 1752 2086; baseline 0.002 -16"><span class='ocrx_word' id='word_1_168' title='bbox 148 2043 247 2071; x_wconf 89' lang='lat' dir='ltr'>mus</span> <span class='ocrx_word' id='word_1_169' title='bbox 293 2030 456 2084; x_wconf 85' lang='lat' dir='ltr'>singuli</span> <span class='ocrx_word' id='word_1_170' title='bbox 505 2031 623 2071; x_wconf 90' lang='lat' dir='ltr'>inter</span> <span class='ocrx_word' id='word_1_171' title='bbox 670 2031 834 2085; x_wconf 90' lang='lat' dir='ltr'>plures,</span> <span class='ocrx_word' id='word_1_172' title='bbox 877 2032 963 2072; x_wconf 90' lang='lat' dir='ltr'>tuti</span> <span class='ocrx_word' id='word_1_173' title='bbox 1007 2032 1125 2072; x_wconf 93' lang='lat' dir='ltr'>inter</span> <span class='ocrx_word' id='word_1_174' title='bbox 1166 2032 1339 2081; x_wconf 80' lang='lat' dir='ltr'>anxios,</span> <span class='ocrx_word' id='word_1_175' title='bbox 1384 2038 1617 2086; x_wconf 90' lang='lat' dir='ltr'>postremo</span> <span class='ocrx_word' id='word_1_176' title='bbox 1661 2046 1752 2073; x_wconf 93' lang='lat' dir='ltr'>non</span> 
     </span>
     <span class='ocr_line' id='line_1_24' title="bbox 146 2109 1751 2167; baseline 0.001 -16"><span class='ocrx_word' id='word_1_177' title='bbox 146 2109 277 2152; x_wconf 88' lang='lat' dir='ltr'>inulti</span> <span class='ocrx_word' id='word_1_178' title='bbox 310 2111 428 2152; x_wconf 90' lang='lat' dir='ltr'>inter</span> <span class='ocrx_word' id='word_1_179' title='bbox 460 2117 678 2152; x_wconf 89' lang='lat' dir='ltr'>nocentes</span> <span class='ocrx_word' id='word_1_180' title='bbox 709 2111 887 2166; x_wconf 89' lang='lat' dir='ltr'>agere&#39;’‚</span> <span class='ocrx_word' id='word_1_181' title='bbox 922 2112 1063 2153; x_wconf 92' lang='lat' dir='ltr'>nihilo</span> <span class='ocrx_word' id='word_1_182' title='bbox 1097 2112 1147 2153; x_wconf 90' lang='lat' dir='ltr'>fit</span> <span class='ocrx_word' id='word_1_183' title='bbox 1180 2113 1459 2167; x_wconf 56' lang='lat' dir='ltr'>expedition</span> <span class='ocrx_word' id='word_1_184' title='bbox 1495 2127 1600 2153; x_wconf 92' lang='lat' dir='ltr'>nam</span> <span class='ocrx_word' id='word_1_185' title='bbox 1628 2113 1751 2166; x_wconf 89' lang='lat' dir='ltr'>quod</span> 
     </span>
     <span class='ocr_line' id='line_1_25' title="bbox 148 2190 1753 2247; baseline 0.001 -15"><span class='ocrx_word' id='word_1_186' title='bbox 148 2190 516 2232; x_wconf 89' lang='lat' dir='ltr'>molestissimum</span> <span class='ocrx_word' id='word_1_187' title='bbox 549 2197 617 2232; x_wconf 93' lang='lat' dir='ltr'>est</span> <span class='ocrx_word' id='word_1_188' title='bbox 645 2197 872 2233; x_wconf 87' lang='lat' dir='ltr'>remanet:</span> <span class='ocrx_word' id='word_1_189' title='bbox 904 2191 948 2233; x_wconf 77' lang='lat' dir='ltr'>et</span> <span class='ocrx_word' id='word_1_190' title='bbox 977 2193 1021 2233; x_wconf 91' lang='lat' dir='ltr'>in</span> <span class='ocrx_word' id='word_1_191' title='bbox 1050 2206 1170 2234; x_wconf 90' lang='lat' dir='ltr'>nova</span> <span class='ocrx_word' id='word_1_192' title='bbox 1196 2192 1393 2234; x_wconf 89' lang='lat' dir='ltr'>lectione</span> <span class='ocrx_word' id='word_1_193' title='bbox 1422 2193 1467 2233; x_wconf 76' lang='lat' dir='ltr'>et</span> <span class='ocrx_word' id='word_1_194' title='bbox 1494 2194 1539 2234; x_wconf 93' lang='lat' dir='ltr'>in</span> <span class='ocrx_word' id='word_1_195' title='bbox 1570 2192 1753 2247; x_wconf 90' lang='lat' dir='ltr'>vulgata</span> 
     </span>
     <span class='ocr_line' id='line_1_26' title="bbox 146 2271 1751 2326; baseline 0.001 -14"><span class='ocrx_word' id='word_1_196' title='bbox 146 2284 282 2326; x_wconf 85' lang='lat' dir='ltr'>agere</span> <span class='ocrx_word' id='word_1_197' title='bbox 323 2271 535 2313; x_wconf 91' lang='lat' dir='ltr'>dicuntur</span> <span class='ocrx_word' id='word_1_198' title='bbox 576 2277 672 2312; x_wconf 91' lang='lat' dir='ltr'>tam</span> <span class='ocrx_word' id='word_1_199' title='bbox 716 2273 889 2313; x_wconf 90' lang='lat' dir='ltr'>domini</span> <span class='ocrx_word' id='word_1_200' title='bbox 932 2271 1007 2322; x_wconf 92' lang='lat' dir='ltr'>illi,</span> <span class='ocrx_word' id='word_1_201' title='bbox 1052 2274 1128 2326; x_wconf 89' lang='lat' dir='ltr'>qui</span> <span class='ocrx_word' id='word_1_202' title='bbox 1173 2274 1298 2314; x_wconf 91' lang='lat' dir='ltr'>domi</span> <span class='ocrx_word' id='word_1_203' title='bbox 1340 2287 1446 2314; x_wconf 91' lang='lat' dir='ltr'>suae</span> <span class='ocrx_word' id='word_1_204' title='bbox 1479 2279 1583 2314; x_wconf 92' lang='lat' dir='ltr'>sunt</span> <span class='ocrx_word' id='word_1_205' title='bbox 1616 2274 1751 2314; x_wconf 91' lang='lat' dir='ltr'>inter-</span> 
     </span>
     <span class='ocr_line' id='line_1_27' title="bbox 147 2350 1751 2406; baseline 0.001 -14"><span class='ocrx_word' id='word_1_206' title='bbox 147 2350 268 2401; x_wconf 88' lang='lat' dir='ltr'>fecti,</span> <span class='ocrx_word' id='word_1_207' title='bbox 296 2365 434 2406; x_wconf 90' lang='lat' dir='ltr'>quam</span> <span class='ocrx_word' id='word_1_208' title='bbox 462 2352 601 2393; x_wconf 87' lang='lat' dir='ltr'>ceteri</span> <span class='ocrx_word' id='word_1_209' title='bbox 629 2366 801 2393; x_wconf 90' lang='lat' dir='ltr'>omnes.</span> <span class='ocrx_word' id='word_1_210' title='bbox 832 2353 991 2394; x_wconf 89' lang='lat' dir='ltr'>Notari</span> <span class='ocrx_word' id='word_1_211' title='bbox 1021 2367 1128 2406; x_wconf 89' lang='lat' dir='ltr'>ergo</span> <span class='ocrx_word' id='word_1_212' title='bbox 1158 2353 1230 2394; x_wconf 93' lang='lat' dir='ltr'>hic</span> <span class='ocrx_word' id='word_1_213' title='bbox 1259 2367 1285 2394; x_wconf 91' lang='lat' dir='ltr'>a</span> <span class='ocrx_word' id='word_1_214' title='bbox 1311 2354 1473 2395; x_wconf 91' lang='lat' dir='ltr'>Tacito</span> <span class='ocrx_word' id='word_1_215' title='bbox 1493 2355 1751 2395; x_wconf 92' lang='lat' dir='ltr'>intricatam</span> 
     </span>
     <span class='ocr_line' id='line_1_28' title="bbox 146 2430 1753 2487; baseline 0.001 -15"><span class='ocrx_word' id='word_1_216' title='bbox 146 2430 469 2486; x_wconf 91' lang='lat' dir='ltr'>horridamque</span> <span class='ocrx_word' id='word_1_217' title='bbox 518 2432 659 2474; x_wconf 90' lang='lat' dir='ltr'>Cassii</span> <span class='ocrx_word' id='word_1_218' title='bbox 706 2433 961 2474; x_wconf 89' lang='lat' dir='ltr'>orationem</span> <span class='ocrx_word' id='word_1_219' title='bbox 1010 2433 1258 2474; x_wconf 88' lang='lat' dir='ltr'>Pfitznerus</span> <span class='ocrx_word' id='word_1_220' title='bbox 1306 2439 1461 2475; x_wconf 89' lang='lat' dir='ltr'>censet</span> <span class='ocrx_word' id='word_1_221' title='bbox 1502 2458 1560 2463; x_wconf 82' lang='lat'>—-—</span> <span class='ocrx_word' id='word_1_222' title='bbox 1604 2447 1753 2487; x_wconf 89' lang='lat' dir='ltr'>neque</span> 
     </span>
     <span class='ocr_line' id='line_1_29' title="bbox 147 2511 1749 2568; baseline 0.001 -15"><span class='ocrx_word' id='word_1_223' title='bbox 147 2511 336 2553; x_wconf 87' lang='lat' dir='ltr'>sortasse</span> <span class='ocrx_word' id='word_1_224' title='bbox 384 2512 566 2553; x_wconf 90' lang='lat' dir='ltr'>iniuria:</span> <span class='ocrx_word' id='word_1_225' title='bbox 617 2517 740 2553; x_wconf 88' lang='lat' dir='ltr'>certe</span> <span class='ocrx_word' id='word_1_226' title='bbox 789 2512 898 2553; x_wconf 90' lang='lat' dir='ltr'>mihi</span> <span class='ocrx_word' id='word_1_227' title='bbox 948 2512 1058 2554; x_wconf 92' lang='lat' dir='ltr'>nihil</span> <span class='ocrx_word' id='word_1_228' title='bbox 1106 2514 1151 2554; x_wconf 95' lang='lat' dir='ltr'>in</span> <span class='ocrx_word' id='word_1_229' title='bbox 1201 2519 1402 2555; x_wconf 91' lang='lat' dir='ltr'>mentem</span> <span class='ocrx_word' id='word_1_230' title='bbox 1453 2514 1577 2555; x_wconf 93' lang='lat' dir='ltr'>venit</span> <span class='ocrx_word' id='word_1_231' title='bbox 1626 2514 1749 2568; x_wconf 92' lang='lat' dir='ltr'>quod</span> 
     </span>
     <span class='ocr_line' id='line_1_30' title="bbox 148 2592 561 2634; baseline 0 -1"><span class='ocrx_word' id='word_1_232' title='bbox 148 2592 308 2634; x_wconf 89' lang='lat' dir='ltr'>melius</span> <span class='ocrx_word' id='word_1_233' title='bbox 341 2593 561 2634; x_wconf 90' lang='lat' dir='ltr'>videatur.</span> 
     </span>
    </p>

    <p class='ocr_par' dir='ltr' id='par_1_9' title="bbox 147 2671 1752 3046">
     <span class='ocr_line' id='line_1_31' title="bbox 207 2671 1751 2728; baseline 0.001 -15"><span class='ocrx_word' id='word_1_234' title='bbox 207 2671 299 2714; x_wconf 89' lang='lat' dir='ltr'>Sed</span> <span class='ocrx_word' id='word_1_235' title='bbox 345 2673 382 2714; x_wconf 90' lang='lat' dir='ltr'>si</span> <span class='ocrx_word' id='word_1_236' title='bbox 429 2673 617 2714; x_wconf 92' lang='lat' dir='ltr'>omnino</span> <span class='ocrx_word' id='word_1_237' title='bbox 666 2686 823 2713; x_wconf 88' lang='lat' dir='ltr'>verum</span> <span class='ocrx_word' id='word_1_238' title='bbox 871 2679 940 2714; x_wconf 92' lang='lat' dir='ltr'>est</span> <span class='ocrx_word' id='word_1_239' title='bbox 987 2674 1109 2727; x_wconf 90' lang='lat' dir='ltr'>quod</span> <span class='ocrx_word' id='word_1_240' title='bbox 1157 2673 1406 2715; x_wconf 87' lang='lat' dir='ltr'>Pfitznerus</span> <span class='ocrx_word' id='word_1_241' title='bbox 1447 2674 1607 2715; x_wconf 91' lang='lat' dir='ltr'>statuit</span> <span class='ocrx_word' id='word_1_242' title='bbox 1649 2674 1751 2728; x_wconf 89' lang='lat' dir='ltr'>(ego</span> 
     </span>
     <span class='ocr_line' id='line_1_32' title="bbox 147 2752 1750 2809; baseline 0.002 -16"><span class='ocrx_word' id='word_1_243' title='bbox 147 2752 268 2793; x_wconf 87' lang='lat' dir='ltr'>enim</span> <span class='ocrx_word' id='word_1_244' title='bbox 302 2752 463 2794; x_wconf 90' lang='lat' dir='ltr'>dubito</span> <span class='ocrx_word' id='word_1_245' title='bbox 497 2753 665 2807; x_wconf 89' lang='lat' dir='ltr'>etiam),</span> <span class='ocrx_word' id='word_1_246' title='bbox 696 2753 886 2794; x_wconf 89' lang='lat' dir='ltr'>fortasse</span> <span class='ocrx_word' id='word_1_247' title='bbox 914 2767 1052 2794; x_wconf 92' lang='lat' dir='ltr'>unum</span> <span class='ocrx_word' id='word_1_248' title='bbox 1081 2753 1240 2794; x_wconf 88' lang='lat' dir='ltr'>afferre</span> <span class='ocrx_word' id='word_1_249' title='bbox 1266 2754 1417 2795; x_wconf 93' lang='lat' dir='ltr'>locum</span> <span class='ocrx_word' id='word_1_250' title='bbox 1446 2769 1644 2809; x_wconf 89' lang='lat' dir='ltr'>possum,</span> <span class='ocrx_word' id='word_1_251' title='bbox 1674 2755 1750 2796; x_wconf 91' lang='lat' dir='ltr'>ubi</span> 
     </span>
     <span class='ocr_line' id='line_1_33' title="bbox 147 2831 1751 2889; baseline 0.002 -16"><span class='ocrx_word' id='word_1_252' title='bbox 147 2831 225 2873; x_wconf 85' lang='lat' dir='ltr'>fiat</span> <span class='ocrx_word' id='word_1_253' title='bbox 268 2832 401 2874; x_wconf 86' lang='lat' dir='ltr'>illud:</span> <span class='ocrx_word' id='word_1_254' title='bbox 445 2833 507 2874; x_wconf 91' lang='lat' dir='ltr'>ibi</span> <span class='ocrx_word' id='word_1_255' title='bbox 540 2839 693 2874; x_wconf 91' lang='lat' dir='ltr'>autem</span> <span class='ocrx_word' id='word_1_256' title='bbox 727 2839 772 2874; x_wconf 90' lang='lat' dir='ltr'>et</span> <span class='ocrx_word' id='word_1_257' title='bbox 807 2847 877 2874; x_wconf 90' lang='lat' dir='ltr'>res</span> <span class='ocrx_word' id='word_1_258' title='bbox 909 2834 967 2874; x_wconf 93' lang='lat' dir='ltr'>de</span> <span class='ocrx_word' id='word_1_259' title='bbox 1000 2847 1089 2887; x_wconf 92' lang='lat' dir='ltr'>qua</span> <span class='ocrx_word' id='word_1_260' title='bbox 1121 2835 1270 2888; x_wconf 87' lang='lat' dir='ltr'>agitur</span> <span class='ocrx_word' id='word_1_261' title='bbox 1303 2841 1347 2876; x_wconf 90' lang='lat' dir='ltr'>et</span> <span class='ocrx_word' id='word_1_262' title='bbox 1380 2836 1416 2876; x_wconf 90' lang='lat' dir='ltr'>is</span> <span class='ocrx_word' id='word_1_263' title='bbox 1449 2836 1525 2889; x_wconf 91' lang='lat' dir='ltr'>qui</span> <span class='ocrx_word' id='word_1_264' title='bbox 1559 2835 1751 2889; x_wconf 92' lang='lat' dir='ltr'>loquens</span> 
     </span>
     <span class='ocr_line' id='line_1_34' title="bbox 147 2911 1752 2970; baseline 0.002 -17"><span class='ocrx_word' id='word_1_265' title='bbox 147 2911 375 2954; x_wconf 85' lang='lat' dir='ltr'>inducitur</span> <span class='ocrx_word' id='word_1_266' title='bbox 401 2913 623 2954; x_wconf 92' lang='lat' dir='ltr'>eiusmodi</span> <span class='ocrx_word' id='word_1_267' title='bbox 652 2919 755 2954; x_wconf 91' lang='lat' dir='ltr'>sunt</span> <span class='ocrx_word' id='word_1_268' title='bbox 783 2920 832 2954; x_wconf 91' lang='lat' dir='ltr'>ut</span> <span class='ocrx_word' id='word_1_269' title='bbox 859 2914 1056 2968; x_wconf 92' lang='lat' dir='ltr'>suspicio</span> <span class='ocrx_word' id='word_1_270' title='bbox 1084 2913 1159 2954; x_wconf 89' lang='lat' dir='ltr'>illa</span> <span class='ocrx_word' id='word_1_271' title='bbox 1187 2928 1277 2956; x_wconf 92' lang='lat' dir='ltr'>non</span> <span class='ocrx_word' id='word_1_272' title='bbox 1304 2916 1437 2956; x_wconf 91' lang='lat' dir='ltr'>nimis</span> <span class='ocrx_word' id='word_1_273' title='bbox 1453 2915 1589 2970; x_wconf 91' lang='lat' dir='ltr'>longe</span> <span class='ocrx_word' id='word_1_274' title='bbox 1607 2916 1752 2970; x_wconf 91' lang='lat' dir='ltr'>petita</span> 
     </span>
     <span class='ocr_line' id='line_1_35' title="bbox 148 2991 1750 3046; baseline 0.002 -14"><span class='ocrx_word' id='word_1_275' title='bbox 148 2991 291 3033; x_wconf 88' lang='lat' dir='ltr'>videri</span> <span class='ocrx_word' id='word_1_276' title='bbox 323 2993 479 3046; x_wconf 90' lang='lat' dir='ltr'>possit.</span> <span class='ocrx_word' id='word_1_277' title='bbox 513 2992 571 3033; x_wconf 85' lang='lat' dir='ltr'>A.</span> <span class='ocrx_word' id='word_1_278' title='bbox 601 2993 682 3042; x_wconf 87' lang='lat' dir='ltr'>XI,</span> <span class='ocrx_word' id='word_1_279' title='bbox 712 3005 780 3046; x_wconf 88' lang='lat'>31.</span> <span class='ocrx_word' id='word_1_280' title='bbox 815 2993 1040 3035; x_wconf 89' lang='lat' dir='ltr'>Omnibus</span> <span class='ocrx_word' id='word_1_281' title='bbox 1073 2994 1221 3035; x_wconf 90' lang='lat' dir='ltr'>modis</span> <span class='ocrx_word' id='word_1_282' title='bbox 1248 2994 1471 3045; x_wconf 88' lang='lat' dir='ltr'>Callistus,</span> <span class='ocrx_word' id='word_1_283' title='bbox 1501 2996 1750 3044; x_wconf 87' lang='lat' dir='ltr'>Narcissus,</span> 
     </span>
    </p>
   </div>
  </div>
 </body>
</html>
