2040 3412
1101 282 1151 322 14

326 388 584 430 examinare
608 388 836 445 iubemus,
869 389 948 430 sed
983 390 1091 443 quin
1125 389 1310 431 omnino
1338 389 1455 431 bene
1483 389 1766 444 perspexerit
1792 388 1924 432 Taci-
1978 404 1989 414 ’-

325 473 398 509 tus
429 468 537 522 quid
571 474 690 509 esset
722 468 955 510 historiam
987 470 1197 518 scribere,
1232 469 1440 511 dubitare
1473 469 1677 523 iniquum
1709 469 1782 511 sit.
1982 524 1991 530 ,.

385 549 435 589 Β.
468 548 591 590 Ann.
626 549 706 598 III,
739 561 776 602 3.
805 549 990 591 Cineres
1018 549 1275 592 Germanici
1303 563 1405 591 cum
1435 550 1630 591 Romam
1656 549 1922 592 afferrentur
1979 539 1981 541 ¹

325 641 613 670 communem
656 628 790 669 fuisse
833 629 1013 683 civium,
1058 630 1415 684 magistratuum,
1459 635 1720 671 senatorum
1751 629 1925 674 luctum
1977 659 1986 671 ,-

325 708 555 762 praeclare
597 709 782 750 Tacitus
826 710 1030 763 exponit,
1073 711 1117 751 in
1159 715 1379 764 tantaque
1421 711 1623 751 omnium
1666 710 1925 752 mortalium
1980 702 1987 707 ”

324 788 506 829 tristitia
550 788 671 842 vulgi
715 788 848 830 fuisse
890 802 1133 830 conversos
1166 789 1321 830 oculos
1353 789 1411 830 ad
1444 789 1700 831 Germanici
1734 802 1924 832 uxorem

324 868 596 922 liberosque,
625 869 681 910 ad
712 868 949 910 Claudium
977 868 1178 926 defuncti
1207 868 1389 910 fratrem
1417 882 1695 923 germanum,
1723 869 1783 910 ad
1811 869 1930 912 Dru-v
1975 883 1991 904 ¹·-

326 962 424 989 sum
467 948 650 989 fratrem
695 949 976 1002 adoptivum,
1021 962 1213 1002 quorum
1256 949 1386 990 dolor
1428 949 1651 1004 fletusque
1689 954 1787 991 erat
1818 962 1926 992 con·

324 1030 518 1084 spicuuS.
553 1029 603 1069 In
637 1030 799 1070 eodem
834 1030 984 1083 capite
1016 1035 1062 1070 et
1094 1029 1206 1070 haec
1237 1029 1470 1084 leguntur:
1974 1082 1979 1084 .

387 1109 580 1150 Matrem
614 1109 866 1150 Antoniam
900 1123 990 1150 non
1025 1109 1145 1163 apud
1178 1110 1421 1164 scriptores
1453 1124 1615 1160 rerum,
1643 1123 1735 1152 non
1763 1110 1924 1152 diurna

324 1195 528 1231 actorum
561 1190 782 1244 scriptura
813 1190 990 1243 reperio
1023 1189 1113 1230 ullo
1145 1189 1307 1243 insigni
1341 1190 1490 1231 officio
1521 1189 1737 1232 functam.

386 1269 608 1310 Dicebam
657 1269 881 1318 Tacitum,
929 1282 1179 1323 omnesque
1225 1269 1371 1310 bonos
1419 1269 1656 1311 historicos
1698 1269 1924 1325 antiquos,

327 1351 449 1391 idem
473 1351 582 1404 fere
607 1355 837 1403 spectasse
866 1350 989 1403 quod
1017 1349 1276 1398 hodiernos,
1306 1349 1470 1391 eodem
1492 1349 1757 1400 tetendisse,
1775 1349 1924 1392 eidem

326 1430 389 1470 rei
433 1429 611 1470 dedisse
655 1443 854 1483 operam.
896 1429 960 1471 Ut
993 1429 1102 1482 quid
1135 1429 1243 1470 olim
1275 1435 1454 1484 gestum
1485 1430 1543 1472 sit
1577 1443 1714 1484 quam
1745 1442 1926 1472 accura-
1979 1464 1983 1467 ,

324 1510 495 1551 tissime
527 1510 790 1559 doceantur,
823 1522 961 1563 quam
993 1510 1166 1563 optime
1199 1509 1476 1563 perspiciant
1508 1509 1692 1564 posteri,
1725 1509 1813 1551 hoc
1839 1508 1925 1552 sibi
1992 1568 1995 1573 y

326 1589 498 1630 habent
530 1590 814 1643 propositum
848 1589 1040 1643 utrique.
1076 1589 1140 1630 At
1172 1589 1245 1630 hic
1278 1589 1565 1643 agnoscimus
1596 1589 1767 1644 aliquid
1801 1589 1925 1644 quod

326 1670 523 1724 antiquis
550 1669 774 1710 historicis
803 1683 939 1723 quam
968 1669 1164 1711 maxime
1192 1671 1318 1711 cordi
1346 1671 1416 1719 sit,
1436 1683 1539 1711 cum
1557 1669 1765 1712 hodierni
1782 1669 1926 1712 multo
1992 1678 2007 1684 ”’

326 1750 491 1790 rectius
533 1750 734 1790 sentiunt
776 1749 885 1790 illud
928 1763 954 1790 a
996 1763 1044 1790 se
1085 1750 1181 1791 sine
1223 1750 1315 1791 ullo
1357 1749 1507 1804 operis
1547 1751 1614 1791 sui
1647 1750 1924 1792 detrimento

327 1830 475 1871 omitti
520 1829 778 1883 negligique
820 1843 966 1884 posse.
1012 1830 1266 1871 Historicus
1302 1829 1560 1880 hodiernus,
1594 1831 1630 1872 si
1662 1837 1773 1885 pure
1803 1836 1924 1872 terse

328 1910 564 1965 perspicue
607 1909 775 1958 scribit,
818 1909 854 1949 si
897 1923 966 1950 res
1008 1916 1115 1964 apte
1152 1910 1366 1964 disponit,
1399 1911 1436 1951 si
1469 1911 1615 1952 oratio
1647 1911 1780 1953 rebus
1811 1924 1924 1966 quas

330 1995 480 2031 narrat
521 1994 590 2030 est
631 1990 990 2038 accommodata,
1035 1989 1157 2039 nihil,
1203 1991 1326 2044 quod
1370 1991 1555 2044 quidem
1597 1991 1655 2033 ad
1687 1996 1924 2033 externam

327 2069 429 2111 libri
462 2070 660 2123 speciem
694 2069 904 2123 pertinet,
939 2069 1054 2110 ultra
1085 2071 1284 2123 quaerit:
1318 2071 1434 2122 iure3
1470 2076 1514 2112 et
1543 2076 1694 2126 potest
1721 2071 1785 2113 sic
1813 2084 1924 2126 quo-

329 2164 416 2204 que
448 2155 682 2203 tamquam
709 2149 872 2190 artifex
899 2149 1085 2191 laudari.
1113 2150 1179 2191 At
1206 2151 1418 2205 antiquus
1444 2151 1684 2193 historicus
1709 2175 1768 2183 -
1794 2156 1840 2193 et
1866 2151 1924 2194 de

328 2229 451 2270 nullo
484 2229 626 2283 magis
659 2229 767 2270 illud
797 2229 917 2270 valet
945 2243 1081 2283 quam
1109 2231 1166 2271 de
1194 2231 1355 2272 Tacito
1382 2232 1481 2286 ipso
1508 2256 1566 2262 —-
1593 2232 1757 2273 eodem
1784 2232 1931 2280 modo*
1990 2201 2022 2246 ;”

327 2310 530 2365 legentes
562 2311 739 2351 afficere
772 2311 939 2359 studet,
973 2324 1064 2364 quo
1097 2311 1173 2365 qui
1206 2325 1324 2353 nunc
1351 2312 1503 2353 fictam
1532 2317 1682 2354 narrat
1709 2311 1922 2363 fabulam,

328 2405 464 2444 quam
514 2391 849 2432 Romanensem
893 2404 1129 2441 vocamus;
1174 2405 1276 2433 cum
1318 2392 1477 2447 tragici
1518 2397 1615 2434 arte
1656 2392 1778 2440 illius
1813 2398 1922 2448 apte
1988 2382 2016 2435 ᾖ·

327 2477 478 2526 potest
506 2471 698 2512 conferri
725 2472 938 2512 studium.
969 2471 1028 2512 Et
1046 2473 1432 2525 quemadmodum
1450 2473 1494 2513 in
1513 2473 1672 2527 quavis
1686 2473 1923 2528 tragoedia
1987 2479 1998 2508 Γ

329 2557 478 2592 certae
507 2557 610 2592 sunt
639 2565 872 2604 personae,
901 2551 1065 2605 quibus
1089 2557 1240 2606 partes
1257 2553 1481 2606 quaedam
1497 2558 1601 2594 sunt
1619 2553 1920 2603 mandandae,

328 2637 373 2671 et
406 2631 450 2671 in
483 2630 634 2671 fabula
667 2631 944 2672 Romanensi
977 2632 1087 2672 certi
1121 2633 1306 2685 quidam
1333 2646 1481 2674 rerum
1507 2638 1736 2687 gestarum
1764 2630 1947 2682 nexus,
1980 2615 2015 2682 3³:

329 2723 617 2764 nexuumque
650 2711 827 2751 illorum
860 2711 1122 2761 solutiones,
1155 2711 1318 2765 quibus
1349 2725 1483 2766 aegre
1516 2717 1666 2754 careat
1694 2712 1771 2767 qui
1798 2711 1920 2754 illam
1983 2704 2015 2770 “fg

329 2789 567 2843 pervolvit,
601 2791 663 2831 sic
696 2792 907 2844 antiquus
942 2791 1194 2832 Historicus
1226 2805 1383 2832 omnes
1416 2797 1548 2832 notos
1579 2791 1718 2833 habet
1749 2790 1922 2833 loculos

329 2870 448 2910 unde
493 2876 618 2923 petat
661 2883 713 2910 ea
752 2871 915 2924 quibus
955 2871 1158 2924 legentes
1190 2870 1386 2912 delectet
1420 2871 1491 2912 vel
1522 2876 1741 2912 terrorem
1773 2871 1826 2912 iis
1857 2870 1923 2912 in·

329 2949 483 2999 cutiat,
526 2949 597 2990 vel
641 2955 822 2990 moveat
865 2950 1232 2991 misericordiam.
1277 2951 1409 2992 Nunc
1452 2951 1488 2991 si
1528 2951 1599 2992 cui
1629 2951 1675 2992 in
1708 2950 1922 2991 historiae
