2040 3412
1108 284 1193 338 256

355 404 614 454 relativum,
663 404 786 458 quod
834 403 968 445 aliam
1012 404 1389 458 significationem
1431 405 1633 446 eiusdem
1675 391 1978 454 substantiss„

355 484 555 538 requirit.
589 482 772 537 Quanto
806 483 964 525 melius
995 484 1162 525 omisso
1189 498 1276 538 qua
1302 484 1525 538 legemus:
1559 490 1736 538 „tamen
1764 467 1952 527 retia„

357 569 504 604 castra
537 577 575 604 e.
594 577 637 617 q.
656 562 719 604 S.’'
754 563 779 604 i.
799 576 837 604 e.
870 568 1037 612 tamen,
1073 563 1144 604 vel
1177 563 1254 613 sic,
1287 564 1545 617 quicunque
1577 569 1675 605 erat
1705 568 1849 606 status
1878 556 1966 617 reb,¹

355 656 467 692 rum,
501 642 618 683 bene
651 655 721 683 res
753 642 846 695 geri
879 648 1073 696 poterat,
1105 643 1282 684 simodo
1314 643 1398 684 sibi
1431 643 1708 685 constitisset
1739 626 1982 695 Paetuss}

417 801 475 843 A.
510 802 615 851 XV,
657 802 720 843 16.
761 801 928 843 Castris
971 802 1281 844 Romanorum
1324 803 1401 844 diu
1444 802 1638 858 obsessis
1669 802 1982 857 Vologaesus-22

357 883 550 937 potitur:
1971 882 1982 893 ²

422 962 662 1015 „Ceterum
706 961 901 1002 obsessis
942 962 1058 1003 adeo
1091 953 1453 1016 suppeditavisse
1486 976 1581 1004 rem
1612 962 1994 1011 frumentariam:

359 1043 576 1091 constitit,
625 1047 675 1083 ut
723 1041 895 1082 horreis
938 1042 1088 1096 ignem
1133 1041 1366 1092 inicerent,
1409 1048 1658 1096 contraque
1701 1041 2003 1099 prodiderit}

358 1122 558 1165 Corbulo
591 1122 780 1163 Parthos
812 1122 972 1175 inopes
1005 1122 1237 1176 copiarum
1266 1127 1312 1163 et
1339 1122 1508 1177 pabulo
1534 1122 1692 1164 attrito
1718 1105 1995 1174 relictuross’ib„

359 1201 794 1257 oppugnationem.”
1587 1189 1597 1198 ’
1944 1259 1947 1263 ¹
1968 1206 1978 1253 j

419 1282 513 1324 Vix
544 1295 820 1336 quemquam
853 1295 950 1323 esse
983 1281 1158 1336 opinor,
1193 1282 1263 1323 cui
1296 1282 1415 1324 istud
1442 1290 1679 1337 contraque
1694 1279 1997 1338 ρνοώὶίενίἱξ

359 1376 518 1404 sanum
559 1362 765 1404 videatur
777 1379 786 1412 ;
830 1362 1169 1403 coniunctivum
1212 1362 1283 1403 hic
1325 1361 1428 1404 ferri
1471 1376 1562 1404 non
1594 1375 1727 1417 posse
1759 1359 2002 1421 constatfij

361 1442 531 1497 Quidni
557 1442 759 1496 legamus
792 1447 975 1495 „contra
1002 1455 1139 1496 quam
1167 1443 1370 1496 prodidit
1387 1440 1642 1484 Corbulo”?
1669 1442 1722 1484 In
1739 1427 1992 1497 promptu?

364 1522 472 1563 mihi
502 1536 620 1563 nunc
646 1522 720 1563 alii
748 1521 836 1563 loci
865 1522 1039 1563 Tacitei
1067 1535 1159 1564 non
1186 1527 1304 1572 sunt,
1333 1522 1410 1564 ubi
1436 1530 1590 1565 contra
1615 1536 1749 1578 quam
1765 1503 1999 1584 legatur-,fg

362 1616 508 1656 neque
540 1602 668 1643 lubet
699 1602 795 1643 eius
825 1602 889 1643 rei
921 1596 1056 1643 causa
1086 1602 1232 1644 lexica
1264 1607 1309 1643 et
1341 1602 1513 1644 indices
1545 1601 1826 1657 pervolvere.
1860 1599 1962 1646 Fac'

361 1683 481 1725 enim
515 1696 737 1736 nusquam
770 1682 877 1723 alibi
909 1682 1018 1723 illud
1051 1682 1254 1731 inveniri,
1289 1695 1402 1723 eane
1428 1682 1594 1724 idonea
1620 1694 1755 1724 causa
1780 1686 1850 1723 est
1875 1675 1995 1732 cur‘1J

359 1776 415 1804 ne
457 1762 596 1803 semel
629 1762 815 1815 quidem
847 1761 1056 1802 Tacitum
1091 1774 1219 1802 usum
1252 1761 1482 1803 locutione
1511 1766 1607 1804 tam
1639 1750 1998 1823 bene-Latinajf

358 1848 544 1896 tamque
578 1841 847 1896 pervulgata
873 1846 1137 1891 statuamus,
1165 1841 1303 1894 idque
1330 1854 1385 1882 eo
1411 1841 1514 1884 loco
1543 1841 1620 1882 ubi
1644 1841 1722 1882 vix
1747 1839 1840 1882 ullo
1866 1838 1958 1883 alio

361 1923 499 1964 modo
532 1922 578 1963 id
611 1922 735 1975 quod
768 1921 1070 1975 requireretur
1101 1921 1342 1975 significari
1376 1919 1601 1975 potuerit?

423 2083 481 2124 A.
512 2082 617 2131 XV,
647 2082 716 2135 38.
744 2080 1090 2132 Ardentelurbe
1118 2081 1162 2121 in
1191 2093 1350 2121 omnes
1377 2085 1528 2135 partes
1555 2078 1797 2134 diffugiunt
1814 2078 1959 2126 cives-z

427 2163 514 2216 „Et
545 2175 695 2216 saepe,
729 2162 838 2202 dum
871 2161 916 2202 in
949 2165 1126 2214 tergum
1158 2165 1432 2214 respectant,
1463 2159 1680 2201 lateribus
1705 2163 1784 2201 aut
1809 2157 1959 2210 fronte
1986 2191 1987 2194 ¹

363 2241 848 2290 circumveniebantur,
882 2239 954 2281 vel
986 2239 1021 2280 si
1055 2240 1099 2280 in
1133 2230 1342 2294 proxima
1373 2244 1623 2289 evaserant,
1657 2238 1742 2281 illis
1773 2245 2003 2295 quoque

363 2323 456 2376 igni
495 2322 728 2375 correptis,
770 2321 907 2361 etiam
950 2332 1067 2373 quae
1099 2319 1348 2373 longinqua
1380 2319 1680 2368 crediderant,
1713 2318 1759 2360 in
1791 2317 1957 2361 eodem

363 2415 467 2443 casu
501 2399 832 2455 reperiebant.’'

424 2481 511 2522 Hic
555 2481 767 2534 equidem
811 2478 1055 2520 desiderari
1099 2478 1316 2532 quiddam
1360 2491 1537 2519 censeo.
1578 2478 1630 2520 In
1663 2465 1804 2519 verbo
1836 2456 1999 2521 eniri}

364 2560 642 2616 reperiebant
681 2559 801 2600 haud
846 2558 983 2599 dubie
1026 2558 1143 2599 inest
1181 2557 1452 2611 significatio
1493 2557 1565 2600 ’τοῦ
1614 2569 1741 2610 „cum
1773 2539 2010 2617 propitiast}

365 2639 711 2681 accessissent”:
746 2638 895 2679 omitti
928 2638 973 2678 id
1007 2638 1103 2678 sine
1131 2638 1299 2678 damno
1327 2642 1508 2692 poterat
1534 2637 1640 2691 quia
1665 2635 1814 2690 quivis
1838 2633 1961 2677 istud
1975 2618 2009 2688 ’.ἴς

366 2719 643 2774 reperiebant
683 2718 837 2772 legens
879 2722 1031 2758 mente
1075 2722 1172 2757 erat
1213 2716 1516 2770 suppleturus.
1566 2716 1688 2770 Ergo
1721 2714 1961 2770 longinqua
1982 2727 1993 2742 ·-

367 2798 505 2838 habet
548 2799 671 2851 quod
717 2803 839 2838 recte
883 2797 923 2837 ei
967 2801 1227 2850 opponatur
1269 2796 1432 2850 (ipsum
1465 2796 1574 2837 illud
1613 2809 1740 2847 „cum
1775 2780 2007 2848 propius*-

367 2875 688 2917 accessissent’'
733 2877 855 2929 quod
899 2876 943 2915 in
991 2874 1332 2927 „reperiebant”
1377 2875 1521 2924 inest).
1578 2874 1766 2928 Propius
1806 2874 2011 2930 autem

367 2956 565 3009 aggressi
611 2955 735 2995 locos
782 2955 880 2995 illos
928 2953 1216 3007 reperiebant
1263 2954 1332 3006 „in
1375 2954 1537 2995 eodem
1579 2951 1728 2994 statu'’
1772 2953 1800 2993 i.
1827 2965 1866 2992 e.
1908 2951 2012 3010 utzj‘
