2040 3412
882 293 960 337 153

177 401 304 445 Saxa
329 410 372 444 et
395 401 687 445 solitudinem.
717 403 971 459 De'Gyaro
999 404 1071 446 vel
1100 405 1386 454 Pandateria,
1414 404 1559 447 aliave
1577 405 1722 448 insula

117 482 163 525 in
195 495 332 537 quam
366 482 515 524 miseri
544 483 700 525 exules
733 484 1026 535 eiciebantur,
1060 467 1318 529 sermonem
1351 499 1448 528 esse
1475 491 1621 541 putes.
1651 486 1721 527 De

38 563 63 585 ¹·
92 561 303 618 ‚Capreis
333 564 494 618 agitur,
529 564 694 618 quibus
727 565 898 607 nullum
932 566 1242 608 amoeniorem
1275 580 1372 608 esse
1399 566 1550 608 locum
1578 567 1722 622 probe

115 643 290 687 sciebat
322 643 521 686 Tacitus.
557 644 631 687 Sic
664 646 785 687 enim
819 646 914 687 eius
946 647 1083 688 situm
1116 646 1333 688 describit
1364 647 1446 697 IV,
1480 647 1560 702 67:

40 784 42 786 ·
182 723 331 778 „Caeli
373 725 619 779 temperies
661 725 811 767 hieme
855 726 976 768 mitis
1020 727 1204 768 obiectu
1247 728 1429 777 montis,
1463 741 1555 781 quo
1587 741 1724 769 saeva

116 809 356 847 ventorum
389 811 621 856 arcentur;
652 811 800 847 aestas
827 806 872 847 in
901 805 1133 849 favonium
1162 807 1355 849 obversa
1383 812 1429 848 et
1454 813 1615 862 aperto
1641 807 1723 849 cir-

117 898 222 928 cum
248 884 411 940 pelago
435 899 711 940 peramoena
725 904 734 936 3
755 887 1171 942 prospectabatque
1190 887 1542 942 pulcherrimum
1559 888 1721 938 sinum,

33 967 52 993 Γ
117 971 364 1021 antequam
398 966 625 1008 Vesuvius
659 980 789 1008 mons
821 968 1064 1009 ardescens
1096 967 1265 1010 faciem
1290 968 1378 1010 loci
1411 967 1653 1010 verteret.''

179 1045 329 1102 Quare
373 1061 481 1102 ergo
524 1047 596 1089 hic
640 1048 697 1089 de
740 1048 927 1103 Capreis
967 1050 1031 1091 ita
1055 1049 1264 1104 'loquitur
1296 1055 1531 1104 tamquam
1564 1050 1599 1091 si
1634 1051 1722 1091 iam

117 1133 215 1170 tum
253 1127 415 1181 „facies
446 1127 534 1169 loci
568 1141 697 1170 versa
730 1128 898 1171 esset”?
931 1129 1115 1172 Scilicet
1148 1136 1197 1172 ut
1224 1130 1410 1172 Tiberio
1443 1130 1724 1184 „secretum”

114 1196 366 1264 assignaret
413 1215 625 1260 taetrum,
675 1224 899 1265 asperum,
949 1211 1240 1261 horrendum,
1291 1225 1348 1253 ne
1395 1211 1494 1266 ipso
1536 1212 1723 1265 quidem

118 1290 385 1332 Domitiano
422 1291 674 1345 indignum.
708 1291 949 1346 Additque
982 1292 1098 1333 hanc
1132 1306 1314 1333 causam
1347 1306 1425 1333 cur
1457 1293 1724 1334 inamoenos

116 1371 216 1414 illos
250 1372 486 1427 repetierit
517 1372 642 1414 locos
675 1373 905 1415 Tiberius:

182 1453 381 1508 „pudore
412 1452 633 1495 scelerum
667 1459 713 1495 et
744 1453 1029 1496 libidinum.”

42 1532 44 1554 ³
91 1533 292 1576 ,Verum
324 1534 360 1575 si
394 1535 644 1589 quidquam
678 1536 735 1577 de
769 1536 984 1578 inauditis
1016 1536 1187 1577 Tiberii
1221 1536 1353 1577 senis
1373 1535 1599 1577 credimus
1626 1535 1724 1577 libi-

122 1615 305 1658 dinibus
330 1641 389 1646 —
417 1630 523 1659 nam
552 1616 661 1658 mihi
690 1617 747 1659 de
778 1617 918 1659 nihilo
946 1617 1079 1659 fictae
1108 1631 1189 1659 eae
1218 1618 1431 1659 videntur
1458 1642 1514 1648 —
1542 1617 1727 1659 minime

22 1755 23 1758 Ἴ
123 1701 172 1738 ut
204 1695 303 1738 illas
334 1696 639 1751 absconderet
671 1697 800 1739 dedit
832 1684 1033 1752 operam.
1054 1698 1277 1739 Etenim:

36 1771 48 1778 ”
185 1778 459 1832 „praepositi
491 1778 624 1828 servi,
653 1778 730 1832 qui
758 1777 948 1834 (prolem
977 1778 1238 1834 ingenuam)
1266 1778 1601 1832 conquirerent,
1622 1786 1727 1833 per-

118 1857 364 1908 traherent,
408 1858 530 1900 dona
574 1859 619 1900 in
663 1865 916 1915 promptos,
955 1860 1100 1901 minas
1131 1860 1348 1901 adversus
1381 1859 1647 1909 abnuentes,
1681 1865 1727 1901 et

50 1962 52 1964 ν
116 1937 154 1981 si
188 1938 437 1980 retinerent
475 1940 760 1995 propinquus
792 1945 870 1982 aut
904 1954 1081 1995 parens,
1116 1940 1222 1990 vim,
1256 1945 1412 1994 raptus
1439 1953 1610 1994 suaque
1639 1940 1724 1994 ipsi

117 2018 247 2061 libita
277 2018 402 2061 velut
434 2019 479 2061 in
514 2026 674 2075 captos
706 2020 1030 2062 exercebant.”

179 2099 250 2142 De
290 2099 522 2155 praeclara
565 2100 735 2142 Tiberii
780 2101 987 2155 epistola,
1021 2115 1111 2155 qua
1142 2100 1339 2154 Togonii
1374 2099 1490 2142 Galli
1523 2099 1725 2141 abiectas

66 2176 70 2179 ’
119 2180 292 2235 respuit
335 2180 633 2231 adulationes,
678 2182 767 2223 iarn
811 2182 1007 2223 vidimus
1041 2187 1086 2222 et
1119 2181 1353 2235 quomodo
1386 2180 1508 2222 illam
1542 2194 1725 2234 quoque

29 2246 37 2254 ⁴
121 2261 166 2302 in
208 2261 337 2315 peius
379 2244 643 2304 detorsisset
686 2262 871 2304 Tacitus
914 2262 1271 2303 observavimus.
1312 2261 1467 2304 Unum
1500 2261 1645 2302 addo:
1679 2261 1725 2302 in

122 2341 212 2384 fine
244 2342 447 2384 eiusdem
481 2343 643 2398 capitis
676 2343 773 2398 (VI,
810 2343 850 2397 2)
886 2343 997 2384 haec
1029 2342 1244 2396 legimus:

185 2422 340 2476 „Haec
385 2423 602 2464 adversus
649 2423 908 2478 Togonium
957 2422 1107 2464 verbis
1151 2422 1405 2471 moderans,
1449 2434 1564 2462 neve
1608 2420 1725 2462 ultra

118 2502 416 2545 abolitionem
457 2504 712 2545 sententiae
755 2503 1012 2545 suaderet.”
1047 2503 1168 2557 Ergo
1202 2503 1246 2543 in
1279 2507 1382 2543 acta
1415 2501 1568 2543 referri
1600 2501 1722 2543 illam

117 2584 391 2626 sententiam
434 2584 643 2626 Tiberius
685 2585 844 2625 vetuit.
890 2584 1026 2625 Haud
1072 2584 1231 2624 iniuria
1276 2596 1394 2624 nunc
1438 2582 1515 2637 qui
1559 2582 1721 2624 Tacito

118 2663 401 2706 innotescere
429 2665 630 2719 potuerit
657 2678 882 2719 rogamus.
912 2664 1002 2707 Sed
1030 2664 1117 2705 hoc
1144 2665 1299 2714 mitto;
1320 2663 1376 2704 ad
1396 2662 1530 2704 aliam
1548 2662 1719 2704 Tiberii

105 2749 299 2786 “transeo
326 2745 580 2800 epistolam,
610 2759 700 2786 non
731 2745 878 2786 minus
906 2745 1149 2800 egregiam.
1168 2744 1250 2794 VI,
1273 2753 1310 2797 5.
1330 2744 1381 2785 In
1401 2743 1584 2785 Cottam
1603 2744 1722 2785 Mes-

119 2824 310 2866 salinum
339 2838 473 2866 omne
502 2826 741 2866 criminum
765 2825 990 2879 profertur
1007 2838 1161 2879 genus,
1181 2825 1317 2866 etiam
1339 2824 1462 2866 dicta
1478 2825 1585 2874 eius,
1606 2838 1722 2879 quae

122 2903 238 2946 inter
265 2904 428 2959 pocula
451 2910 751 2959 prompserat,
769 2910 1039 2959 arguuntur;
1060 2905 1104 2945 in
1123 2905 1209 2946 hoc
1229 2904 1429 2959 periculo
1448 2918 1548 2946 reus
1566 2905 1623 2946 ad
1643 2905 1722 2945 im-

122 2990 377 3039 peratorem
411 2990 646 3039 provocat.
679 2984 767 3039 Qui
801 2985 1049 3039 prudenter
1076 2985 1417 3039 moderateque,
1446 2990 1495 3026 ut
1520 2984 1719 3026 solebat:
