<?xml version="1.0" encoding="UTF-8"?>
<!DOCTYPE html PUBLIC "-//W3C//DTD XHTML 1.0 Transitional//EN"
    "http://www.w3.org/TR/xhtml1/DTD/xhtml1-transitional.dtd">
<html xmlns="http://www.w3.org/1999/xhtml" xml:lang="en" lang="en">
 <head>
  <title>
</title>
<meta http-equiv="Content-Type" content="text/html;charset=utf-8" />
  <meta name='ocr-system' content='tesseract 3.04.00' />
  <meta name='ocr-capabilities' content='ocr_page ocr_carea ocr_par ocr_line ocrx_word'/>
</head>
<body>
  <div class='ocr_page' id='page_1' title='image "analectatacitea00hartuoft_0241.png"; bbox 0 0 2040 3412; ppageno 0'>
   <div class='ocr_carea' id='block_1_1' title="bbox 889 279 978 323">
    <p class='ocr_par' dir='ltr' id='par_1_1' title="bbox 889 279 978 323">
     <span class='ocr_line' id='line_1_1' title="bbox 889 279 978 323; baseline -0.011 0"><span class='ocrx_word' id='word_1_1' title='bbox 889 279 978 323; x_wconf 89' lang='lat'>233</span> 
     </span>
    </p>
   </div>
   <div class='ocr_carea' id='block_1_2' title="bbox 46 387 1736 1090">
    <p class='ocr_par' dir='ltr' id='par_1_2' title="bbox 44 381 1736 1090">
     <span class='ocr_line' id='line_1_2' title="bbox 62 387 1735 444; baseline -0.001 -13.007"><span class='ocrx_word' id='word_1_2' title='bbox 62 387 80 401; x_wconf 75' lang='grc'>”’</span> <span class='ocrx_word' id='word_1_3' title='bbox 128 399 156 426; x_wconf 56' lang='grc' dir='ltr'><strong><em>Γ</em></strong></span> <span class='ocrx_word' id='word_1_4' title='bbox 187 387 340 431; x_wconf 84' lang='lat' dir='ltr'>Sicine</span> <span class='ocrx_word' id='word_1_5' title='bbox 367 403 394 430; x_wconf 87' lang='lat' dir='ltr'>a</span> <span class='ocrx_word' id='word_1_6' title='bbox 422 388 586 430; x_wconf 89' lang='lat' dir='ltr'>Tacito</span> <span class='ocrx_word' id='word_1_7' title='bbox 613 389 833 444; x_wconf 90' lang='lat' dir='ltr'>scriptum</span> <span class='ocrx_word' id='word_1_8' title='bbox 853 395 1090 443; x_wconf 91' lang='lat' dir='ltr'>putemus:</span> <span class='ocrx_word' id='word_1_9' title='bbox 1115 390 1203 431; x_wconf 86' lang='lat' dir='ltr'>“ita</span> <span class='ocrx_word' id='word_1_10' title='bbox 1220 389 1588 444; x_wconf 88' lang='lat' dir='ltr'>quattuordecim</span> <span class='ocrx_word' id='word_1_11' title='bbox 1606 389 1735 430; x_wconf 90' lang='lat' dir='ltr'>annis</span> 
     </span>
     <span class='ocr_line' id='line_1_3' title="bbox 129 468 1735 512; baseline -0.001 0"><span class='ocrx_word' id='word_1_12' title='bbox 129 483 156 512; x_wconf 90' lang='lat' dir='ltr'>a</span> <span class='ocrx_word' id='word_1_13' title='bbox 198 469 382 512; x_wconf 89' lang='lat' dir='ltr'>Nerone</span> <span class='ocrx_word' id='word_1_14' title='bbox 421 468 756 511; x_wconf 82' lang='lat' dir='ltr'>assuesactos”?</span> <span class='ocrx_word' id='word_1_15' title='bbox 791 470 904 511; x_wconf 90' lang='lat' dir='ltr'><strong>Mihi</strong></span> <span class='ocrx_word' id='word_1_16' title='bbox 939 476 1016 511; x_wconf 90' lang='lat' dir='ltr'>aut</span> <span class='ocrx_word' id='word_1_17' title='bbox 1049 470 1372 512; x_wconf 86' lang='lat' dir='ltr'>absurdissima</span> <span class='ocrx_word' id='word_1_18' title='bbox 1404 471 1490 512; x_wconf 89' lang='lat' dir='ltr'>ista</span> <span class='ocrx_word' id='word_1_19' title='bbox 1522 470 1735 511; x_wconf 90' lang='lat' dir='ltr'>videntur</span> 
     </span>
     <span class='ocr_line' id='line_1_4' title="bbox 128 550 1734 605; baseline -0.001 -12.043"><span class='ocrx_word' id='word_1_20' title='bbox 128 555 208 593; x_wconf 82' lang='lat' dir='ltr'>aut</span> <span class='ocrx_word' id='word_1_21' title='bbox 251 551 408 605; x_wconf 82' lang='lat' dir='ltr'>inepte</span> <span class='ocrx_word' id='word_1_22' title='bbox 451 550 658 591; x_wconf 89' lang='lat' dir='ltr'>verbosa.</span> <span class='ocrx_word' id='word_1_23' title='bbox 700 551 884 592; x_wconf 86' lang='lat' dir='ltr'><strong>Etenim</strong></span> <span class='ocrx_word' id='word_1_24' title='bbox 919 557 996 592; x_wconf 91' lang='lat' dir='ltr'>aut</span> <span class='ocrx_word' id='word_1_25' title='bbox 1030 551 1098 593; x_wconf 88' lang='lat' dir='ltr'>bis</span> <span class='ocrx_word' id='word_1_26' title='bbox 1126 551 1198 593; x_wconf 92' lang='lat' dir='ltr'>hic</span> <span class='ocrx_word' id='word_1_27' title='bbox 1233 551 1354 592; x_wconf 89' lang='lat' dir='ltr'>idem</span> <span class='ocrx_word' id='word_1_28' title='bbox 1387 551 1608 605; x_wconf 91' lang='lat' dir='ltr'>temporis</span> <span class='ocrx_word' id='word_1_29' title='bbox 1635 564 1734 605; x_wconf 89' lang='lat' dir='ltr'>spa-</span> 
     </span>
     <span class='ocr_line' id='line_1_5' title="bbox 127 631 1733 687; baseline -0.001 -13.041"><span class='ocrx_word' id='word_1_30' title='bbox 127 631 243 678; x_wconf 82' lang='lat' dir='ltr'>tium</span> <span class='ocrx_word' id='word_1_31' title='bbox 292 631 533 681; x_wconf 86' lang='lat' dir='ltr'>indicatur,</span> <span class='ocrx_word' id='word_1_32' title='bbox 580 637 671 681; x_wconf 88' lang='lat' dir='ltr'>aut,</span> <span class='ocrx_word' id='word_1_33' title='bbox 716 632 752 673; x_wconf 91' lang='lat' dir='ltr'>si</span> <span class='ocrx_word' id='word_1_34' title='bbox 786 632 830 673; x_wconf 92' lang='lat' dir='ltr'>in</span> <span class='ocrx_word' id='word_1_35' title='bbox 866 632 1016 674; x_wconf 92' lang='lat' dir='ltr'>verbis</span> <span class='ocrx_word' id='word_1_36' title='bbox 1049 647 1076 674; x_wconf 88' lang='lat' dir='ltr'>a</span> <span class='ocrx_word' id='word_1_37' title='bbox 1109 632 1287 674; x_wconf 81' lang='lat' dir='ltr'><em>Nerone</em></span> <span class='ocrx_word' id='word_1_38' title='bbox 1319 633 1570 687; x_wconf 84' lang='lat' dir='ltr'><strong>quidquam</strong></span> <span class='ocrx_word' id='word_1_39' title='bbox 1603 632 1733 681; x_wconf 91' lang='lat' dir='ltr'>inest,</span> 
     </span>
     <span class='ocr_line' id='line_1_6' title="bbox 126 711 1736 773; baseline -0.001 -19.044"><span class='ocrx_word' id='word_1_40' title='bbox 126 711 256 767; x_wconf 79' lang='lat' dir='ltr'>quod</span> <span class='ocrx_word' id='word_1_41' title='bbox 295 725 386 753; x_wconf 91' lang='lat' dir='ltr'>non</span> <span class='ocrx_word' id='word_1_42' title='bbox 418 711 476 752; x_wconf 90' lang='lat' dir='ltr'>sit</span> <span class='ocrx_word' id='word_1_43' title='bbox 510 711 554 752; x_wconf 90' lang='lat' dir='ltr'>in</span> <span class='ocrx_word' id='word_1_44' title='bbox 589 711 739 753; x_wconf 91' lang='lat' dir='ltr'>verbis</span> <span class='ocrx_word' id='word_1_45' title='bbox 771 713 1120 766; x_wconf 79' lang='lat' dir='ltr'>quattuordecim</span> <span class='ocrx_word' id='word_1_46' title='bbox 1149 713 1291 762; x_wconf 80' lang='lat' dir='ltr'>annis,</span> <span class='ocrx_word' id='word_1_47' title='bbox 1317 712 1465 773; x_wconf 16' lang='lat' dir='ltr'>,homo</span> <span class='ocrx_word' id='word_1_48' title='bbox 1497 712 1570 753; x_wconf 91' lang='lat' dir='ltr'>hic</span> <span class='ocrx_word' id='word_1_49' title='bbox 1604 712 1736 754; x_wconf 91' lang='lat' dir='ltr'>nobis</span> 
     </span>
     <span class='ocr_line' id='line_1_7' title="bbox 127 791 1736 846; baseline 0 -12"><span class='ocrx_word' id='word_1_50' title='bbox 127 791 403 835; x_wconf 83' lang='lat' dir='ltr'><strong>describitur</strong></span> <span class='ocrx_word' id='word_1_51' title='bbox 445 792 543 846; x_wconf 92' lang='lat' dir='ltr'>ipso</span> <span class='ocrx_word' id='word_1_52' title='bbox 587 792 771 834; x_wconf 86' lang='lat' dir='ltr'>Nerone</span> <span class='ocrx_word' id='word_1_53' title='bbox 815 792 959 834; x_wconf 90' lang='lat' dir='ltr'>multo</span> <span class='ocrx_word' id='word_1_54' title='bbox 1002 793 1214 834; x_wconf 88' lang='lat' dir='ltr'>insanior.</span> <span class='ocrx_word' id='word_1_55' title='bbox 1258 793 1375 834; x_wconf 92' lang='lat' dir='ltr'>Tum</span> <span class='ocrx_word' id='word_1_56' title='bbox 1420 793 1603 834; x_wconf 90' lang='lat' dir='ltr'>demum</span> <span class='ocrx_word' id='word_1_57' title='bbox 1647 793 1736 834; x_wconf 84' lang='lat' dir='ltr'>“ita</span> 
     </span>
     <span class='ocr_line' id='line_1_8' title="bbox 46 872 1734 936; baseline -0.001 -21"><span class='ocrx_word' id='word_1_58' title='bbox 46 894 69 936; x_wconf 33' lang='grc'>,’</span> <span class='ocrx_word' id='word_1_59' title='bbox 126 872 497 928; x_wconf 71' lang='lat' dir='ltr'>quattuordecim</span> <span class='ocrx_word' id='word_1_60' title='bbox 541 873 671 914; x_wconf 87' lang='lat' dir='ltr'>annis</span> <span class='ocrx_word' id='word_1_61' title='bbox 713 886 740 914; x_wconf 91' lang='lat' dir='ltr'>a</span> <span class='ocrx_word' id='word_1_62' title='bbox 779 873 964 915; x_wconf 88' lang='lat' dir='ltr'>Nerone</span> <span class='ocrx_word' id='word_1_63' title='bbox 1006 873 1312 915; x_wconf 78' lang='lat' dir='ltr'>assuefactos³³</span> <span class='ocrx_word' id='word_1_64' title='bbox 1356 879 1479 915; x_wconf 89' lang='lat' dir='ltr'>recte</span> <span class='ocrx_word' id='word_1_65' title='bbox 1511 873 1665 923; x_wconf 87' lang='lat' dir='ltr'>habet,</span> <span class='ocrx_word' id='word_1_66' title='bbox 1698 873 1734 914; x_wconf 92' lang='lat' dir='ltr'>si</span> 
     </span>
     <span class='ocr_line' id='line_1_9' title="bbox 129 951 1733 1008; baseline 0.001 -11.951"><span class='ocrx_word' id='word_1_67' title='bbox 129 951 366 1001; x_wconf 27' lang='lat' dir='ltr'>*Neronem</span> <span class='ocrx_word' id='word_1_68' title='bbox 388 952 611 1008; x_wconf 83' lang='lat' dir='ltr'>fingimus</span> <span class='ocrx_word' id='word_1_69' title='bbox 644 967 725 1008; x_wconf 92' lang='lat' dir='ltr'>per</span> <span class='ocrx_word' id='word_1_70' title='bbox 756 955 1124 1008; x_wconf 90' lang='lat' dir='ltr'>quattuordecim</span> <span class='ocrx_word' id='word_1_71' title='bbox 1158 962 1302 996; x_wconf 88' lang='lat' dir='ltr'>annos</span> <span class='ocrx_word' id='word_1_72' title='bbox 1329 955 1431 996; x_wconf 78' lang='lat' dir='ltr'>huic</span> <span class='ocrx_word' id='word_1_73' title='bbox 1462 955 1532 996; x_wconf 80' lang='lat' dir='ltr'>rez‘</span> <span class='ocrx_word' id='word_1_74' title='bbox 1555 962 1733 1008; x_wconf 84' lang='lat' dir='ltr'><em>operam</em></span> 
     </span>
     <span class='ocr_line' id='line_1_10' title="bbox 131 1033 1734 1090; baseline 0 -14"><span class='ocrx_word' id='word_1_75' title='bbox 131 1033 300 1076; x_wconf 82' lang='lat' dir='ltr'>dedisse</span> <span class='ocrx_word' id='word_1_76' title='bbox 345 1039 396 1075; x_wconf 88' lang='lat' dir='ltr'>ut</span> <span class='ocrx_word' id='word_1_77' title='bbox 442 1034 581 1075; x_wconf 91' lang='lat' dir='ltr'>animi</span> <span class='ocrx_word' id='word_1_78' title='bbox 631 1034 823 1076; x_wconf 90' lang='lat' dir='ltr'>militum</span> <span class='ocrx_word' id='word_1_79' title='bbox 874 1039 1284 1090; x_wconf 81' lang='lat' dir='ltr'>corrumperentur.</span> <span class='ocrx_word' id='word_1_80' title='bbox 1334 1034 1469 1089; x_wconf 83' lang='lat' dir='ltr'>Quod</span> <span class='ocrx_word' id='word_1_81' title='bbox 1518 1036 1734 1089; x_wconf 89' lang='lat' dir='ltr'>quoniam</span> 
     </span>
    </p>
   </div>
   <div class='ocr_carea' id='block_1_3' title="bbox 0 0 129 3412">
    <p class='ocr_par' dir='ltr' id='par_1_3' title="bbox 0 0 129 3412">
     <span class='ocr_line' id='line_1_11' title="bbox 0 0 129 3412; baseline 0 0"><span class='ocrx_word' id='word_1_82' title='bbox 0 0 129 3412; x_wconf 95' lang='lat' dir='ltr'> </span> 
     </span>
    </p>
   </div>
   <div class='ocr_carea' id='block_1_4' title="bbox 31 1113 1745 3023">
    <p class='ocr_par' dir='ltr' id='par_1_4' title="bbox 75 1113 1735 1249">
     <span class='ocr_line' id='line_1_12' title="bbox 132 1113 1735 1164; baseline 0.001 -8"><span class='ocrx_word' id='word_1_83' title='bbox 132 1122 224 1156; x_wconf 85' lang='lat' dir='ltr'>non</span> <span class='ocrx_word' id='word_1_84' title='bbox 251 1113 448 1157; x_wconf 87' lang='lat' dir='ltr'>voluisse</span> <span class='ocrx_word' id='word_1_85' title='bbox 476 1114 687 1156; x_wconf 90' lang='lat' dir='ltr'>Tacitum</span> <span class='ocrx_word' id='word_1_86' title='bbox 712 1120 906 1164; x_wconf 90' lang='lat' dir='ltr'>constat,</span> <span class='ocrx_word' id='word_1_87' title='bbox 931 1115 1050 1157; x_wconf 91' lang='lat' dir='ltr'>istud</span> <span class='ocrx_word' id='word_1_88' title='bbox 1069 1130 1098 1158; x_wconf 86' lang='lat' dir='ltr'><em>a</em></span> <span class='ocrx_word' id='word_1_89' title='bbox 1115 1115 1293 1157; x_wconf 85' lang='lat' dir='ltr'>Nerone</span> <span class='ocrx_word' id='word_1_90' title='bbox 1308 1115 1450 1157; x_wconf 92' lang='lat' dir='ltr'>sciolo</span> <span class='ocrx_word' id='word_1_91' title='bbox 1468 1116 1735 1157; x_wconf 88' lang='lat' dir='ltr'>reddemus:</span> 
     </span>
     <span class='ocr_line' id='line_1_13' title="bbox 75 1184 1021 1249; baseline 0.001 -13"><span class='ocrx_word' id='word_1_92' title='bbox 75 1206 78 1211; x_wconf 73' lang='grc'><strong>’</strong></span> <span class='ocrx_word' id='word_1_93' title='bbox 124 1195 256 1249; x_wconf 79' lang='lat' dir='ltr'>quod</span> <span class='ocrx_word' id='word_1_94' title='bbox 289 1195 478 1236; x_wconf 86' lang='lat' dir='ltr'>restabit</span> <span class='ocrx_word' id='word_1_95' title='bbox 507 1184 618 1236; x_wconf 26' lang='lat' dir='ltr'>‘vere</span> <span class='ocrx_word' id='word_1_96' title='bbox 650 1195 890 1237; x_wconf 90' lang='lat' dir='ltr'>Taciteum</span> <span class='ocrx_word' id='word_1_97' title='bbox 922 1197 1021 1238; x_wconf 90' lang='lat' dir='ltr'>erit.</span> 
     </span>
    </p>

    <p class='ocr_par' dir='ltr' id='par_1_5' title="bbox 44 1263 1738 1479">
     <span class='ocr_line' id='line_1_14' title="bbox 123 1274 1736 1332; baseline 0.001 -15.908"><span class='ocrx_word' id='word_1_98' title='bbox 123 1307 129 1311; x_wconf 87' lang='grc'>.</span> <span class='ocrx_word' id='word_1_99' title='bbox 191 1275 250 1317; x_wconf 91' lang='grc' dir='ltr'>Η.</span> <span class='ocrx_word' id='word_1_100' title='bbox 294 1275 328 1325; x_wconf 87' lang='grc' dir='ltr'>Ι,</span> <span class='ocrx_word' id='word_1_101' title='bbox 374 1286 444 1329; x_wconf 88' lang='lat'>30.</span> <span class='ocrx_word' id='word_1_102' title='bbox 486 1274 747 1325; x_wconf 86' lang='lat' dir='ltr'>Cohortem,</span> <span class='ocrx_word' id='word_1_103' title='bbox 793 1290 910 1330; x_wconf 92' lang='lat' dir='ltr'>quae</span> <span class='ocrx_word' id='word_1_104' title='bbox 953 1277 1006 1317; x_wconf 91' lang='lat' dir='ltr'>in.</span> <span class='ocrx_word' id='word_1_105' title='bbox 1041 1276 1216 1318; x_wconf 87' lang='lat' dir='ltr'>Palatio</span> <span class='ocrx_word' id='word_1_106' title='bbox 1258 1277 1503 1318; x_wconf 90' lang='lat' dir='ltr'>stationem</span> <span class='ocrx_word' id='word_1_107' title='bbox 1546 1277 1652 1332; x_wconf 86' lang='lat' dir='ltr'>agit,</span> <span class='ocrx_word' id='word_1_108' title='bbox 1687 1282 1736 1318; x_wconf 94' lang='lat' dir='ltr'>ut</span> 
     </span>
     <span class='ocr_line' id='line_1_15' title="bbox 44 1355 1738 1411; baseline 0.001 -14"><span class='ocrx_word' id='word_1_109' title='bbox 44 1364 67 1392; x_wconf 66' lang='grc'>’.</span> <span class='ocrx_word' id='word_1_110' title='bbox 130 1355 239 1397; x_wconf 93' lang='lat' dir='ltr'>odio</span> <span class='ocrx_word' id='word_1_111' title='bbox 272 1361 632 1410; x_wconf 89' lang='lat' dir='ltr'>contemptuque</span> <span class='ocrx_word' id='word_1_112' title='bbox 667 1355 863 1398; x_wconf 89' lang='lat' dir='ltr'>Othonis</span> <span class='ocrx_word' id='word_1_113' title='bbox 896 1356 1098 1411; x_wconf 90' lang='lat' dir='ltr'>impleat,</span> <span class='ocrx_word' id='word_1_114' title='bbox 1127 1362 1173 1398; x_wconf 92' lang='lat' dir='ltr'>et</span> <span class='ocrx_word' id='word_1_115' title='bbox 1201 1356 1298 1398; x_wconf 90' lang='lat' dir='ltr'>aliis</span> <span class='ocrx_word' id='word_1_116' title='bbox 1326 1357 1570 1411; x_wconf 88' lang='lat' dir='ltr'>alloquitur</span> <span class='ocrx_word' id='word_1_117' title='bbox 1587 1357 1738 1399; x_wconf 90' lang='lat' dir='ltr'>verbis</span> 
     </span>
     <span class='ocr_line' id='line_1_16' title="bbox 131 1435 493 1479; baseline -0.006 0"><span class='ocrx_word' id='word_1_118' title='bbox 131 1441 178 1479; x_wconf 93' lang='lat' dir='ltr'>et</span> <span class='ocrx_word' id='word_1_119' title='bbox 210 1435 334 1478; x_wconf 89' lang='lat' dir='ltr'>hisce</span> <span class='ocrx_word' id='word_1_120' title='bbox 366 1436 493 1478; x_wconf 88' lang='lat' dir='ltr'>Piso:</span> 
     </span>
    </p>

    <p class='ocr_par' dir='ltr' id='par_1_6' title="bbox 31 1516 1742 2687">
     <span class='ocr_line' id='line_1_17' title="bbox 199 1516 1737 1572; baseline 0.001 -13"><span class='ocrx_word' id='word_1_121' title='bbox 199 1516 394 1572; x_wconf 86' lang='lat' dir='ltr'>“Stupra</span> <span class='ocrx_word' id='word_1_122' title='bbox 426 1531 546 1559; x_wconf 92' lang='lat' dir='ltr'>nunc</span> <span class='ocrx_word' id='word_1_123' title='bbox 580 1523 625 1559; x_wconf 91' lang='lat' dir='ltr'>et</span> <span class='ocrx_word' id='word_1_124' title='bbox 657 1518 1002 1559; x_wconf 85' lang='lat' dir='ltr'>comissationes</span> <span class='ocrx_word' id='word_1_125' title='bbox 1034 1523 1080 1560; x_wconf 89' lang='lat' dir='ltr'>et</span> <span class='ocrx_word' id='word_1_126' title='bbox 1113 1517 1382 1560; x_wconf 88' lang='lat' dir='ltr'>feminarum</span> <span class='ocrx_word' id='word_1_127' title='bbox 1409 1524 1566 1560; x_wconf 90' lang='lat' dir='ltr'>coetus</span> <span class='ocrx_word' id='word_1_128' title='bbox 1593 1518 1737 1560; x_wconf 90' lang='lat' dir='ltr'>volvit</span> 
     </span>
     <span class='ocr_line' id='line_1_18' title="bbox 41 1594 1741 1660; baseline 0.001 -21"><span class='ocrx_word' id='word_1_129' title='bbox 41 1654 51 1660; x_wconf 27' lang='grc' dir='ltr'>Ἠ</span> <span class='ocrx_word' id='word_1_130' title='bbox 136 1594 312 1640; x_wconf 82' lang='lat' dir='ltr'>animo:</span> <span class='ocrx_word' id='word_1_131' title='bbox 358 1598 470 1640; x_wconf 91' lang='lat' dir='ltr'>haec</span> <span class='ocrx_word' id='word_1_132' title='bbox 514 1598 795 1653; x_wconf 88' lang='lat' dir='ltr'>principatus</span> <span class='ocrx_word' id='word_1_133' title='bbox 837 1599 1039 1652; x_wconf 88' lang='lat' dir='ltr'>praemia</span> <span class='ocrx_word' id='word_1_134' title='bbox 1083 1604 1226 1653; x_wconf 91' lang='lat' dir='ltr'>putat,</span> <span class='ocrx_word' id='word_1_135' title='bbox 1271 1612 1464 1652; x_wconf 92' lang='lat' dir='ltr'>quorum</span> <span class='ocrx_word' id='word_1_136' title='bbox 1508 1599 1650 1640; x_wconf 92' lang='lat' dir='ltr'>libido</span> <span class='ocrx_word' id='word_1_137' title='bbox 1689 1612 1741 1640; x_wconf 91' lang='lat' dir='ltr'>ac</span> 
     </span>
     <span class='ocr_line' id='line_1_19' title="bbox 34 1658 1696 1734; baseline 0.001 -14"><span class='ocrx_word' id='word_1_138' title='bbox 34 1667 60 1715; x_wconf 55' lang='grc' dir='ltr'>ζ’</span> <span class='ocrx_word' id='word_1_139' title='bbox 127 1678 349 1734; x_wconf 82' lang='lat' dir='ltr'>voluptas</span> <span class='ocrx_word' id='word_1_140' title='bbox 371 1687 525 1734; x_wconf 72' lang='lat' dir='ltr'>‘penes</span> <span class='ocrx_word' id='word_1_141' title='bbox 557 1679 704 1734; x_wconf 91' lang='lat' dir='ltr'>ipsum</span> <span class='ocrx_word' id='word_1_142' title='bbox 732 1679 804 1729; x_wconf 90' lang='lat' dir='ltr'>sit,</span> <span class='ocrx_word' id='word_1_143' title='bbox 837 1658 975 1720; x_wconf 83' lang='lat' dir='ltr'>rubor</span> <span class='ocrx_word' id='word_1_144' title='bbox 1007 1684 1057 1725; x_wconf 89' lang='lat' dir='ltr'>et</span> <span class='ocrx_word' id='word_1_145' title='bbox 1087 1680 1286 1723; x_wconf 90' lang='lat' dir='ltr'>dedecus</span> <span class='ocrx_word' id='word_1_146' title='bbox 1320 1693 1460 1734; x_wconf 88' lang='lat' dir='ltr'>penes</span> <span class='ocrx_word' id='word_1_147' title='bbox 1493 1679 1696 1721; x_wconf 89' lang='lat' dir='ltr'>omnes.&#39;&#39;</span> 
     </span>
     <span class='ocr_line' id='line_1_20' title="bbox 192 1758 1740 1815; baseline 0.001 -15"><span class='ocrx_word' id='word_1_148' title='bbox 192 1758 453 1800; x_wconf 24' lang='lat' dir='ltr'>‘Pronomen</span> <span class='ocrx_word' id='word_1_149' title='bbox 490 1759 595 1801; x_wconf 80' lang='lat' dir='ltr'>haec</span> <span class='ocrx_word' id='word_1_150' title='bbox 627 1765 704 1801; x_wconf 92' lang='lat' dir='ltr'>aut</span> <span class='ocrx_word' id='word_1_151' title='bbox 736 1760 793 1800; x_wconf 89' lang='lat' dir='ltr'>ad</span> <span class='ocrx_word' id='word_1_152' title='bbox 828 1760 1150 1814; x_wconf 85' lang='lat' dir='ltr'>praecedentia</span> <span class='ocrx_word' id='word_1_153' title='bbox 1183 1760 1372 1815; x_wconf 82' lang='lat' dir='ltr'>(stupra,</span> <span class='ocrx_word' id='word_1_154' title='bbox 1405 1761 1740 1810; x_wconf 77' lang='lat' dir='ltr'>comissationes,</span> 
     </span>
     <span class='ocr_line' id='line_1_21' title="bbox 31 1818 1742 1895; baseline 0.001 -15"><span class='ocrx_word' id='word_1_155' title='bbox 31 1818 71 1882; x_wconf 34' lang='grc' dir='ltr'>ἶ,</span> <span class='ocrx_word' id='word_1_156' title='bbox 131 1838 289 1893; x_wconf 83' lang='lat' dir='ltr'>coetus)</span> <span class='ocrx_word' id='word_1_157' title='bbox 322 1838 476 1891; x_wconf 80' lang='lat' dir='ltr'>referri</span> <span class='ocrx_word' id='word_1_158' title='bbox 509 1845 677 1894; x_wconf 90' lang='lat' dir='ltr'>potest,</span> <span class='ocrx_word' id='word_1_159' title='bbox 710 1845 788 1881; x_wconf 88' lang='lat' dir='ltr'>aut</span> <span class='ocrx_word' id='word_1_160' title='bbox 821 1864 879 1870; x_wconf 88' lang='lat'>—</span> <span class='ocrx_word' id='word_1_161' title='bbox 912 1845 957 1881; x_wconf 93' lang='lat' dir='ltr'>et</span> <span class='ocrx_word' id='word_1_162' title='bbox 991 1841 1054 1881; x_wconf 89' lang='lat' dir='ltr'>sic</span> <span class='ocrx_word' id='word_1_163' title='bbox 1083 1840 1192 1881; x_wconf 90' lang='lat' dir='ltr'>mihi</span> <span class='ocrx_word' id='word_1_164' title='bbox 1222 1841 1406 1895; x_wconf 87' lang='lat' dir='ltr'>quidem</span> <span class='ocrx_word' id='word_1_165' title='bbox 1440 1846 1539 1882; x_wconf 90' lang='lat' dir='ltr'>tota</span> <span class='ocrx_word' id='word_1_166' title='bbox 1567 1841 1742 1882; x_wconf 90' lang='lat' dir='ltr'>Pisonis</span> 
     </span>
     <span class='ocr_line' id='line_1_22' title="bbox 131 1920 1741 1977; baseline 0.001 -15"><span class='ocrx_word' id='word_1_167' title='bbox 131 1920 278 1962; x_wconf 85' lang='lat' dir='ltr'>oratio</span> <span class='ocrx_word' id='word_1_168' title='bbox 306 1921 488 1974; x_wconf 88' lang='lat' dir='ltr'>gravior</span> <span class='ocrx_word' id='word_1_169' title='bbox 515 1921 906 1976; x_wconf 89' lang='lat' dir='ltr'>ponderosiorque</span> <span class='ocrx_word' id='word_1_170' title='bbox 934 1922 1029 1963; x_wconf 91' lang='lat' dir='ltr'>fieri</span> <span class='ocrx_word' id='word_1_171' title='bbox 1053 1922 1233 1963; x_wconf 93' lang='lat' dir='ltr'>videtur</span> <span class='ocrx_word' id='word_1_172' title='bbox 1251 1947 1308 1952; x_wconf 83' lang='lat'>—</span> <span class='ocrx_word' id='word_1_173' title='bbox 1326 1936 1446 1964; x_wconf 91' lang='lat' dir='ltr'>nova</span> <span class='ocrx_word' id='word_1_174' title='bbox 1463 1922 1568 1964; x_wconf 92' lang='lat' dir='ltr'>hinc</span> <span class='ocrx_word' id='word_1_175' title='bbox 1587 1928 1741 1977; x_wconf 93' lang='lat' dir='ltr'>potest</span> 
     </span>
     <span class='ocr_line' id='line_1_23' title="bbox 133 1999 1739 2053; baseline 0.002 -12"><span class='ocrx_word' id='word_1_176' title='bbox 133 1999 335 2044; x_wconf 87' lang='lat' dir='ltr'>inchoari</span> <span class='ocrx_word' id='word_1_177' title='bbox 362 2002 603 2043; x_wconf 88' lang='lat' dir='ltr'>sententia.</span> <span class='ocrx_word' id='word_1_178' title='bbox 630 2001 720 2044; x_wconf 89' lang='lat' dir='ltr'>Sed</span> <span class='ocrx_word' id='word_1_179' title='bbox 750 2002 845 2043; x_wconf 87' lang='lat' dir='ltr'>sive</span> <span class='ocrx_word' id='word_1_180' title='bbox 873 2001 973 2051; x_wconf 89' lang='lat' dir='ltr'>hoc,</span> <span class='ocrx_word' id='word_1_181' title='bbox 999 2002 1093 2043; x_wconf 88' lang='lat' dir='ltr'>sive</span> <span class='ocrx_word' id='word_1_182' title='bbox 1113 2001 1221 2043; x_wconf 91' lang='lat' dir='ltr'>illud</span> <span class='ocrx_word' id='word_1_183' title='bbox 1242 2002 1478 2053; x_wconf 82' lang='lat' dir='ltr'>malumus,</span> <span class='ocrx_word' id='word_1_184' title='bbox 1498 2003 1739 2044; x_wconf 90' lang='lat' dir='ltr'>molestum</span> 
     </span>
     <span class='ocr_line' id='line_1_24' title="bbox 135 2080 1739 2136; baseline 0.001 -14"><span class='ocrx_word' id='word_1_185' title='bbox 135 2080 267 2122; x_wconf 92' lang='lat' dir='ltr'>nobis</span> <span class='ocrx_word' id='word_1_186' title='bbox 309 2086 377 2122; x_wconf 91' lang='lat' dir='ltr'>est</span> <span class='ocrx_word' id='word_1_187' title='bbox 408 2082 480 2131; x_wconf 82' lang='lat' dir='ltr'>sit,</span> <span class='ocrx_word' id='word_1_188' title='bbox 516 2095 607 2136; x_wconf 92' lang='lat' dir='ltr'>quo</span> <span class='ocrx_word' id='word_1_189' title='bbox 640 2082 800 2123; x_wconf 90' lang='lat' dir='ltr'>vitium</span> <span class='ocrx_word' id='word_1_190' title='bbox 835 2082 879 2122; x_wconf 90' lang='lat' dir='ltr'>in</span> <span class='ocrx_word' id='word_1_191' title='bbox 913 2087 1091 2123; x_wconf 89' lang='lat' dir='ltr'>textum</span> <span class='ocrx_word' id='word_1_192' title='bbox 1126 2083 1430 2126; x_wconf 88' lang='lat' dir='ltr'>introducitur</span> <span class='ocrx_word' id='word_1_193' title='bbox 1461 2083 1739 2125; x_wconf 91' lang='lat' dir='ltr'>simillimum</span> 
     </span>
     <span class='ocr_line' id='line_1_25' title="bbox 137 2161 1741 2217; baseline 0.002 -15"><span class='ocrx_word' id='word_1_194' title='bbox 137 2161 192 2211; x_wconf 86' lang='lat' dir='ltr'>ei&#39;,</span> <span class='ocrx_word' id='word_1_195' title='bbox 225 2162 350 2216; x_wconf 89' lang='lat' dir='ltr'>quod</span> <span class='ocrx_word' id='word_1_196' title='bbox 378 2163 517 2205; x_wconf 90' lang='lat' dir='ltr'>modo</span> <span class='ocrx_word' id='word_1_197' title='bbox 546 2162 818 2204; x_wconf 88' lang='lat' dir='ltr'>notabamus</span> <span class='ocrx_word' id='word_1_198' title='bbox 848 2163 956 2217; x_wconf 90' lang='lat' dir='ltr'>(„ita</span> <span class='ocrx_word' id='word_1_199' title='bbox 980 2164 1347 2217; x_wconf 89' lang='lat' dir='ltr'>quattuordecim</span> <span class='ocrx_word' id='word_1_200' title='bbox 1365 2165 1494 2205; x_wconf 89' lang='lat' dir='ltr'>annis</span> <span class='ocrx_word' id='word_1_201' title='bbox 1513 2179 1539 2206; x_wconf 92' lang='lat' dir='ltr'>a</span> <span class='ocrx_word' id='word_1_202' title='bbox 1558 2165 1741 2206; x_wconf 91' lang='lat' dir='ltr'>Nerone</span> 
     </span>
     <span class='ocr_line' id='line_1_26' title="bbox 132 2243 1742 2298; baseline 0.001 -13"><span class='ocrx_word' id='word_1_203' title='bbox 132 2243 477 2298; x_wconf 41' lang='lat' dir='ltr'>assuefactos).</span> <span class='ocrx_word' id='word_1_204' title='bbox 512 2244 708 2285; x_wconf 91' lang='lat' dir='ltr'>Videtur</span> <span class='ocrx_word' id='word_1_205' title='bbox 737 2244 857 2285; x_wconf 89' lang='lat' dir='ltr'>enim</span> <span class='ocrx_word' id='word_1_206' title='bbox 887 2243 1012 2285; x_wconf 87' lang='lat' dir='ltr'>Otho</span> <span class='ocrx_word' id='word_1_207' title='bbox 1041 2244 1287 2285; x_wconf 89' lang='lat' dir='ltr'>insimulari</span> <span class='ocrx_word' id='word_1_208' title='bbox 1307 2245 1430 2298; x_wconf 90' lang='lat' dir='ltr'>quod</span> <span class='ocrx_word' id='word_1_209' title='bbox 1447 2245 1500 2286; x_wconf 89' lang='lat' dir='ltr'>de</span> <span class='ocrx_word' id='word_1_210' title='bbox 1515 2245 1742 2287; x_wconf 83' lang='lat' dir='ltr'>industria</span> 
     </span>
     <span class='ocr_line' id='line_1_27' title="bbox 138 2322 1741 2380; baseline 0.002 -16"><span class='ocrx_word' id='word_1_211' title='bbox 138 2322 263 2365; x_wconf 91' lang='lat' dir='ltr'>illum</span> <span class='ocrx_word' id='word_1_212' title='bbox 304 2323 507 2365; x_wconf 90' lang='lat' dir='ltr'>omnium</span> <span class='ocrx_word' id='word_1_213' title='bbox 550 2323 762 2364; x_wconf 81' lang='lat' dir='ltr'>&#39;ruborem</span> <span class='ocrx_word' id='word_1_214' title='bbox 803 2329 849 2365; x_wconf 92' lang='lat' dir='ltr'>et</span> <span class='ocrx_word' id='word_1_215' title='bbox 891 2323 1000 2365; x_wconf 91' lang='lat' dir='ltr'>illud</span> <span class='ocrx_word' id='word_1_216' title='bbox 1038 2325 1241 2366; x_wconf 90' lang='lat' dir='ltr'>omnium</span> <span class='ocrx_word' id='word_1_217' title='bbox 1274 2325 1473 2366; x_wconf 90' lang='lat' dir='ltr'>dedecus</span> <span class='ocrx_word' id='word_1_218' title='bbox 1506 2330 1741 2380; x_wconf 89' lang='lat' dir='ltr'>provocet.</span> 
     </span>
     <span class='ocr_line' id='line_1_28' title="bbox 131 2402 1742 2459; baseline 0.001 -13"><span class='ocrx_word' id='word_1_219' title='bbox 131 2402 205 2446; x_wconf 85' lang='lat' dir='ltr'>At</span> <span class='ocrx_word' id='word_1_220' title='bbox 237 2417 327 2445; x_wconf 91' lang='lat' dir='ltr'>non</span> <span class='ocrx_word' id='word_1_221' title='bbox 362 2403 472 2445; x_wconf 90' lang='lat' dir='ltr'>illud</span> <span class='ocrx_word' id='word_1_222' title='bbox 506 2403 602 2445; x_wconf 92' lang='lat' dir='ltr'>vult</span> <span class='ocrx_word' id='word_1_223' title='bbox 635 2404 738 2445; x_wconf 93' lang='lat' dir='ltr'>Piso</span> <span class='ocrx_word' id='word_1_224' title='bbox 771 2418 928 2445; x_wconf 90' lang='lat' dir='ltr'>verum</span> <span class='ocrx_word' id='word_1_225' title='bbox 956 2404 1066 2445; x_wconf 89' lang='lat' dir='ltr'>hoc:</span> <span class='ocrx_word' id='word_1_226' title='bbox 1102 2404 1189 2458; x_wconf 88' lang='lat' dir='ltr'>„nil</span> <span class='ocrx_word' id='word_1_227' title='bbox 1217 2406 1300 2446; x_wconf 90' lang='lat' dir='ltr'>nisi</span> <span class='ocrx_word' id='word_1_228' title='bbox 1329 2405 1589 2459; x_wconf 88' lang='lat' dir='ltr'>voluptates</span> <span class='ocrx_word' id='word_1_229' title='bbox 1617 2405 1742 2448; x_wconf 92' lang='lat' dir='ltr'>Otho</span> 
     </span>
     <span class='ocr_line' id='line_1_29' title="bbox 136 2484 1742 2545; baseline 0.001 -20"><span class='ocrx_word' id='word_1_230' title='bbox 136 2484 336 2538; x_wconf 80' lang='lat' dir='ltr'>appetit3</span> <span class='ocrx_word' id='word_1_231' title='bbox 377 2489 527 2525; x_wconf 91' lang='lat' dir='ltr'>utrum</span> <span class='ocrx_word' id='word_1_232' title='bbox 559 2484 779 2526; x_wconf 88' lang='lat' dir='ltr'>honestae</span> <span class='ocrx_word' id='word_1_233' title='bbox 812 2484 915 2529; x_wconf 86' lang='lat' dir='ltr'>illae</span> <span class='ocrx_word' id='word_1_234' title='bbox 947 2485 1037 2526; x_wconf 88' lang='lat' dir='ltr'>sint</span> <span class='ocrx_word' id='word_1_235' title='bbox 1069 2499 1126 2526; x_wconf 88' lang='lat' dir='ltr'>an</span> <span class='ocrx_word' id='word_1_236' title='bbox 1158 2491 1304 2526; x_wconf 87' lang='lat' dir='ltr'>totam</span> <span class='ocrx_word' id='word_1_237' title='bbox 1338 2486 1571 2527; x_wconf 89' lang='lat' dir='ltr'>civitatem</span> <span class='ocrx_word' id='word_1_238' title='bbox 1605 2487 1742 2545; x_wconf 84' lang='lat' dir='ltr'>dede-</span> 
     </span>
     <span class='ocr_line' id='line_1_30' title="bbox 136 2564 1741 2616; baseline 0.001 -10"><span class='ocrx_word' id='word_1_239' title='bbox 136 2577 240 2606; x_wconf 87' lang='lat' dir='ltr'>core</span> <span class='ocrx_word' id='word_1_240' title='bbox 273 2564 483 2615; x_wconf 88' lang='lat' dir='ltr'>afficiant,</span> <span class='ocrx_word' id='word_1_241' title='bbox 518 2565 563 2606; x_wconf 91' lang='lat' dir='ltr'>id</span> <span class='ocrx_word' id='word_1_242' title='bbox 598 2565 783 2606; x_wconf 88' lang='lat' dir='ltr'>minime</span> <span class='ocrx_word' id='word_1_243' title='bbox 817 2565 987 2606; x_wconf 87' lang='lat' dir='ltr'>curat.’&#39;</span> <span class='ocrx_word' id='word_1_244' title='bbox 1023 2565 1308 2607; x_wconf 87' lang='lat' dir='ltr'>Habebimus</span> <span class='ocrx_word' id='word_1_245' title='bbox 1340 2566 1441 2616; x_wconf 89' lang='lat' dir='ltr'>hoc,</span> <span class='ocrx_word' id='word_1_246' title='bbox 1474 2567 1509 2607; x_wconf 89' lang='lat' dir='ltr'>si</span> <span class='ocrx_word' id='word_1_247' title='bbox 1535 2567 1597 2609; x_wconf 81' lang='lat' dir='ltr'>sit</span> <span class='ocrx_word' id='word_1_248' title='bbox 1621 2566 1741 2608; x_wconf 90' lang='lat' dir='ltr'>dele-</span> 
     </span>
     <span class='ocr_line' id='line_1_31' title="bbox 137 2646 347 2687; baseline 0 -1"><span class='ocrx_word' id='word_1_249' title='bbox 137 2646 347 2687; x_wconf 83' lang='lat' dir='ltr'>verimus.</span> 
     </span>
    </p>

    <p class='ocr_par' dir='ltr' id='par_1_7' title="bbox 140 2724 1745 3023">
     <span class='ocr_line' id='line_1_32' title="bbox 199 2724 1742 2780; baseline 0.002 -13"><span class='ocrx_word' id='word_1_250' title='bbox 199 2724 346 2780; x_wconf 89' lang='lat' dir='ltr'>Saepe</span> <span class='ocrx_word' id='word_1_251' title='bbox 389 2725 551 2767; x_wconf 89' lang='lat' dir='ltr'>vocula</span> <span class='ocrx_word' id='word_1_252' title='bbox 590 2734 632 2768; x_wconf 88' lang='lat' dir='ltr'>et</span> <span class='ocrx_word' id='word_1_253' title='bbox 663 2727 808 2767; x_wconf 90' lang='lat' dir='ltr'>invito</span> <span class='ocrx_word' id='word_1_254' title='bbox 837 2726 1000 2767; x_wconf 88' lang='lat' dir='ltr'>Tacito</span> <span class='ocrx_word' id='word_1_255' title='bbox 1029 2726 1300 2768; x_wconf 90' lang='lat' dir='ltr'>obtruditur.</span> <span class='ocrx_word' id='word_1_256' title='bbox 1338 2727 1541 2769; x_wconf 86' lang='lat' dir='ltr'>Possitne</span> <span class='ocrx_word' id='word_1_257' title='bbox 1574 2729 1742 2770; x_wconf 90' lang='lat' dir='ltr'>servari</span> 
     </span>
     <span class='ocr_line' id='line_1_33' title="bbox 140 2805 1745 2864; baseline 0.002 -17"><span class='ocrx_word' id='word_1_258' title='bbox 140 2805 185 2847; x_wconf 91' lang='lat' dir='ltr'>in</span> <span class='ocrx_word' id='word_1_259' title='bbox 229 2805 298 2847; x_wconf 93' lang='lat' dir='ltr'>his</span> <span class='ocrx_word' id='word_1_260' title='bbox 340 2807 373 2856; x_wconf 92' lang='lat' dir='ltr'>I,</span> <span class='ocrx_word' id='word_1_261' title='bbox 415 2818 494 2861; x_wconf 91' lang='lat'>73:</span> <span class='ocrx_word' id='word_1_262' title='bbox 543 2807 861 2861; x_wconf 85' lang='lat' dir='ltr'>„expostulata</span> <span class='ocrx_word' id='word_1_263' title='bbox 902 2808 959 2848; x_wconf 89' lang='lat' dir='ltr'>ad</span> <span class='ocrx_word' id='word_1_264' title='bbox 993 2807 1265 2862; x_wconf 90' lang='lat' dir='ltr'>supplicium</span> <span class='ocrx_word' id='word_1_265' title='bbox 1300 2808 1455 2850; x_wconf 91' lang='lat' dir='ltr'>Calvia</span> <span class='ocrx_word' id='word_1_266' title='bbox 1489 2808 1745 2864; x_wconf 90' lang='lat' dir='ltr'>Crispinilla</span> 
     </span>
     <span class='ocr_line' id='line_1_34' title="bbox 142 2886 1745 2944; baseline 0.001 -16"><span class='ocrx_word' id='word_1_267' title='bbox 142 2887 277 2928; x_wconf 91' lang='lat' dir='ltr'>variis</span> <span class='ocrx_word' id='word_1_268' title='bbox 310 2886 674 2928; x_wconf 89' lang='lat' dir='ltr'>frustrationibus</span> <span class='ocrx_word' id='word_1_269' title='bbox 716 2895 758 2929; x_wconf 85' lang='lat' dir='ltr'>et</span> <span class='ocrx_word' id='word_1_270' title='bbox 798 2888 989 2929; x_wconf 90' lang='lat' dir='ltr'>adversa</span> <span class='ocrx_word' id='word_1_271' title='bbox 1022 2887 1345 2929; x_wconf 89' lang='lat' dir='ltr'>dissimulantis</span> <span class='ocrx_word' id='word_1_272' title='bbox 1376 2889 1594 2944; x_wconf 89' lang='lat' dir='ltr'>principis</span> <span class='ocrx_word' id='word_1_273' title='bbox 1626 2889 1745 2931; x_wconf 88' lang='lat' dir='ltr'>fama</span> 
     </span>
     <span class='ocr_line' id='line_1_35' title="bbox 143 2967 1743 3023; baseline 0.002 -15"><span class='ocrx_word' id='word_1_274' title='bbox 143 2967 344 3022; x_wconf 91' lang='lat' dir='ltr'>periculo</span> <span class='ocrx_word' id='word_1_275' title='bbox 386 2974 602 3022; x_wconf 85' lang='lat' dir='ltr'>exempta</span> <span class='ocrx_word' id='word_1_276' title='bbox 643 2967 754 3018; x_wconf 89' lang='lat' dir='ltr'>est&#39;’‚</span> <span class='ocrx_word' id='word_1_277' title='bbox 799 2968 973 3018; x_wconf 87' lang='lat' dir='ltr'>dubito,</span> <span class='ocrx_word' id='word_1_278' title='bbox 1011 2969 1090 3009; x_wconf 91' lang='lat' dir='ltr'>sed</span> <span class='ocrx_word' id='word_1_279' title='bbox 1124 2969 1324 3010; x_wconf 88' lang='lat' dir='ltr'>eximere</span> <span class='ocrx_word' id='word_1_280' title='bbox 1358 2969 1490 3019; x_wconf 91' lang='lat' dir='ltr'>malo,</span> <span class='ocrx_word' id='word_1_281' title='bbox 1527 2971 1743 3023; x_wconf 88' lang='lat' dir='ltr'>quoniam</span> 
     </span>
    </p>
   </div>
  </div>
 </body>
</html>
