<?xml version="1.0" encoding="UTF-8"?>
<!DOCTYPE html PUBLIC "-//W3C//DTD XHTML 1.0 Transitional//EN"
    "http://www.w3.org/TR/xhtml1/DTD/xhtml1-transitional.dtd">
<html xmlns="http://www.w3.org/1999/xhtml" xml:lang="en" lang="en">
 <head>
  <title>
</title>
<meta http-equiv="Content-Type" content="text/html;charset=utf-8" />
  <meta name='ocr-system' content='tesseract 3.04.00' />
  <meta name='ocr-capabilities' content='ocr_page ocr_carea ocr_par ocr_line ocrx_word'/>
</head>
<body>
  <div class='ocr_page' id='page_1' title='image "analectatacitea00hartuoft_0263.png"; bbox 0 0 2040 3412; ppageno 0'>
   <div class='ocr_carea' id='block_1_1' title="bbox 0 0 129 1684">
    <p class='ocr_par' dir='ltr' id='par_1_1' title="bbox 0 0 129 1684">
     <span class='ocr_line' id='line_1_1' title="bbox 0 0 129 1684; baseline 0.209 -1236"><span class='ocrx_word' id='word_1_1' title='bbox 0 0 129 1684; x_wconf 95' lang='lat' dir='ltr'><strong>    </strong></span> 
     </span>
    </p>
   </div>
   <div class='ocr_carea' id='block_1_2' title="bbox 838 288 918 332">
    <p class='ocr_par' dir='ltr' id='par_1_2' title="bbox 838 288 918 332">
     <span class='ocr_line' id='line_1_2' title="bbox 838 288 918 332; baseline 0 0"><span class='ocrx_word' id='word_1_2' title='bbox 838 288 918 332; x_wconf 85' lang='lat'><strong>255</strong></span> 
     </span>
    </p>
   </div>
   <div class='ocr_carea' id='block_1_3' title="bbox 14 395 1685 608">
    <p class='ocr_par' dir='ltr' id='par_1_3' title="bbox 14 395 1685 608">
     <span class='ocr_line' id='line_1_3' title="bbox 14 395 1682 453; baseline 0.002 -14"><span class='ocrx_word' id='word_1_3' title='bbox 14 395 16 418; x_wconf 77' lang='lat'><em>³</em></span> <span class='ocrx_word' id='word_1_4' title='bbox 57 402 70 453; x_wconf 52' lang='grc' dir='ltr'>ζ</span> <span class='ocrx_word' id='word_1_5' title='bbox 95 403 175 438; x_wconf 79' lang='lat' dir='ltr'><strong>ure</strong></span> <span class='ocrx_word' id='word_1_6' title='bbox 203 395 488 437; x_wconf 88' lang='lat' dir='ltr'><strong>Prammerus</strong></span> <span class='ocrx_word' id='word_1_7' title='bbox 514 396 724 438; x_wconf 87' lang='lat' dir='ltr'><strong>restituit.</strong></span> <span class='ocrx_word' id='word_1_8' title='bbox 762 397 923 439; x_wconf 87' lang='lat' dir='ltr'><strong>Nullae</strong></span> <span class='ocrx_word' id='word_1_9' title='bbox 950 403 1054 440; x_wconf 91' lang='lat' dir='ltr'><strong>sunt</strong></span> <span class='ocrx_word' id='word_1_10' title='bbox 1081 399 1296 441; x_wconf 84' lang='lat' dir='ltr'><strong>certiores</strong></span> <span class='ocrx_word' id='word_1_11' title='bbox 1324 401 1682 450; x_wconf 86' lang='lat' dir='ltr'><strong>emendationes,</strong></span> 
     </span>
     <span class='ocr_line' id='line_1_4' title="bbox 14 471 1685 533; baseline 0.002 -15"><span class='ocrx_word' id='word_1_12' title='bbox 14 471 15 474; x_wconf 31' lang='lat'>¹</span> <span class='ocrx_word' id='word_1_13' title='bbox 52 478 217 531; x_wconf 68' lang='lat' dir='ltr'><strong>‘quam</strong></span> <span class='ocrx_word' id='word_1_14' title='bbox 249 475 414 530; x_wconf 91' lang='lat' dir='ltr'><strong>quibus</strong></span> <span class='ocrx_word' id='word_1_15' title='bbox 444 481 665 530; x_wconf 85' lang='lat' dir='ltr'><strong>appareat</strong></span> <span class='ocrx_word' id='word_1_16' title='bbox 697 478 982 533; x_wconf 90' lang='lat' dir='ltr'><strong>corruptelae</strong></span> <span class='ocrx_word' id='word_1_17' title='bbox 1016 479 1127 520; x_wconf 89' lang='lat' dir='ltr'><strong>duas</strong></span> <span class='ocrx_word' id='word_1_18' title='bbox 1160 479 1240 521; x_wconf 90' lang='lat' dir='ltr'><strong>has</strong></span> <span class='ocrx_word' id='word_1_19' title='bbox 1268 479 1403 522; x_wconf 88' lang='lat' dir='ltr'><strong>fuisse</strong></span> <span class='ocrx_word' id='word_1_20' title='bbox 1431 494 1609 522; x_wconf 87' lang='lat' dir='ltr'><strong>causas:</strong></span> <span class='ocrx_word' id='word_1_21' title='bbox 1639 480 1685 521; x_wconf 77' lang='lat' dir='ltr'><strong>et</strong></span> 
     </span>
     <span class='ocr_line' id='line_1_5' title="bbox 24 555 840 608; baseline -0.001 -8"><span class='ocrx_word' id='word_1_22' title='bbox 24 555 315 608; x_wconf 43' lang='lat' dir='ltr'><strong>&amp;oculorum</strong></span> <span class='ocrx_word' id='word_1_23' title='bbox 349 555 395 597; x_wconf 77' lang='lat' dir='ltr'><strong>et</strong></span> <span class='ocrx_word' id='word_1_24' title='bbox 429 556 594 598; x_wconf 85' lang='lat' dir='ltr'><strong>mentis</strong></span> <span class='ocrx_word' id='word_1_25' title='bbox 626 571 840 599; x_wconf 88' lang='lat' dir='ltr'><strong>errorem.</strong></span> 
     </span>
    </p>
   </div>
   <div class='ocr_carea' id='block_1_4' title="bbox 15 694 1684 1819">
    <p class='ocr_par' dir='ltr' id='par_1_4' title="bbox 37 694 1684 1021">
     <span class='ocr_line' id='line_1_6' title="bbox 52 694 1684 775; baseline 0.002 -17"><span class='ocrx_word' id='word_1_26' title='bbox 52 694 65 721; x_wconf 19' lang='grc' dir='ltr'><strong>’ἶ</strong></span> <span class='ocrx_word' id='word_1_27' title='bbox 137 715 198 758; x_wconf 91' lang='grc' dir='ltr'><strong>Α.</strong></span> <span class='ocrx_word' id='word_1_28' title='bbox 231 716 337 768; x_wconf 89' lang='lat' dir='ltr'><strong>XV,</strong></span> <span class='ocrx_word' id='word_1_29' title='bbox 377 728 442 759; x_wconf 88' lang='lat'><strong>10.</strong></span> <span class='ocrx_word' id='word_1_30' title='bbox 487 716 647 759; x_wconf 85' lang='lat' dir='ltr'><strong>Stultis</strong></span> <span class='ocrx_word' id='word_1_31' title='bbox 685 718 883 760; x_wconf 90' lang='lat' dir='ltr'><strong>consiliis</strong></span> <span class='ocrx_word' id='word_1_32' title='bbox 918 719 1081 761; x_wconf 92' lang='lat' dir='ltr'><strong>Paetus</strong></span> <span class='ocrx_word' id='word_1_33' title='bbox 1114 721 1207 761; x_wconf 90' lang='lat' dir='ltr'><strong>vim</strong></span> <span class='ocrx_word' id='word_1_34' title='bbox 1239 721 1486 775; x_wconf 89' lang='lat' dir='ltr'><strong>copiarum,</strong></span> <span class='ocrx_word' id='word_1_35' title='bbox 1520 721 1684 775; x_wconf 91' lang='lat' dir='ltr'><strong>quibus</strong></span> 
     </span>
     <span class='ocr_line' id='line_1_7' title="bbox 62 779 1684 856; baseline 0.002 -17"><span class='ocrx_word' id='word_1_36' title='bbox 62 779 270 854; x_wconf 11' lang='lat' dir='ltr'><strong>&#39;‘praeest,</strong></span> <span class='ocrx_word' id='word_1_37' title='bbox 305 797 423 840; x_wconf 90' lang='lat' dir='ltr'><strong>ultro</strong></span> <span class='ocrx_word' id='word_1_38' title='bbox 456 798 673 854; x_wconf 83' lang='lat' dir='ltr'><strong>infringit,</strong></span> <span class='ocrx_word' id='word_1_39' title='bbox 703 813 936 854; x_wconf 90' lang='lat' dir='ltr'><strong>nunquam</strong></span> <span class='ocrx_word' id='word_1_40' title='bbox 963 801 1049 842; x_wconf 90' lang='lat' dir='ltr'><strong>sibi</strong></span> <span class='ocrx_word' id='word_1_41' title='bbox 1078 807 1271 851; x_wconf 86' lang='lat' dir='ltr'><strong>constat,</strong></span> <span class='ocrx_word' id='word_1_42' title='bbox 1301 801 1466 843; x_wconf 87' lang='lat' dir='ltr'><strong>milites</strong></span> <span class='ocrx_word' id='word_1_43' title='bbox 1493 802 1684 856; x_wconf 87' lang='lat' dir='ltr'><strong>dissipat</strong></span> 
     </span>
     <span class='ocr_line' id='line_1_8' title="bbox 77 878 1682 936; baseline 0.002 -15.936"><span class='ocrx_word' id='word_1_44' title='bbox 42 882 125 921; x_wconf 80' lang='lat' dir='ltr'><strong>et</strong></span> <span class='ocrx_word' id='word_1_45' title='bbox 156 878 219 920; x_wconf 89' lang='lat' dir='ltr'><strong>ita</strong></span> <span class='ocrx_word' id='word_1_46' title='bbox 252 878 373 920; x_wconf 90' lang='lat' dir='ltr'><strong>bello</strong></span> <span class='ocrx_word' id='word_1_47' title='bbox 405 879 587 920; x_wconf 92' lang='lat' dir='ltr'><strong>inutiles</strong></span> <span class='ocrx_word' id='word_1_48' title='bbox 619 880 784 922; x_wconf 89' lang='lat' dir='ltr'><strong>reddit.</strong></span> <span class='ocrx_word' id='word_1_49' title='bbox 819 879 893 923; x_wconf 88' lang='lat' dir='ltr'><strong>Sic</strong></span> <span class='ocrx_word' id='word_1_50' title='bbox 927 887 973 922; x_wconf 93' lang='lat' dir='ltr'><strong>et</strong></span> <span class='ocrx_word' id='word_1_51' title='bbox 1005 881 1146 923; x_wconf 90' lang='lat' dir='ltr'><strong>filium</strong></span> <span class='ocrx_word' id='word_1_52' title='bbox 1181 895 1463 936; x_wconf 86' lang='lat' dir='ltr'><strong>uxoremque</strong></span> <span class='ocrx_word' id='word_1_53' title='bbox 1496 882 1682 923; x_wconf 87' lang='lat' dir='ltr'><strong>castello</strong></span> 
     </span>
     <span class='ocr_line' id='line_1_9' title="bbox 76 957 463 1013; baseline 0 -13"><span class='ocrx_word' id='word_1_54' title='bbox 76 957 279 1013; x_wconf 85' lang='lat' dir='ltr'><strong>quodam</strong></span> <span class='ocrx_word' id='word_1_55' title='bbox 310 958 463 1000; x_wconf 86' lang='lat' dir='ltr'><strong>abdit:</strong></span> 
     </span>
    </p>

    <p class='ocr_par' dir='ltr' id='par_1_5' title="bbox 15 1035 1684 1819">
     <span class='ocr_line' id='line_1_10' title="bbox 38 1035 1682 1096; baseline 0.002 -16"><span class='ocrx_word' id='word_1_56' title='bbox 38 1035 44 1095; x_wconf 27' lang='grc' dir='ltr'><strong>Τ</strong></span> <span class='ocrx_word' id='word_1_57' title='bbox 138 1039 274 1093; x_wconf 83' lang='lat' dir='ltr'><strong>„data</strong></span> <span class='ocrx_word' id='word_1_58' title='bbox 304 1039 350 1081; x_wconf 89' lang='lat' dir='ltr'><strong>in</strong></span> <span class='ocrx_word' id='word_1_59' title='bbox 384 1039 661 1094; x_wconf 87' lang='lat' dir='ltr'><strong>praesidium</strong></span> <span class='ocrx_word' id='word_1_60' title='bbox 695 1040 884 1082; x_wconf 89' lang='lat' dir='ltr'><strong>cohorte</strong></span> <span class='ocrx_word' id='word_1_61' title='bbox 911 1054 964 1082; x_wconf 91' lang='lat' dir='ltr'><strong>ac</strong></span> <span class='ocrx_word' id='word_1_62' title='bbox 993 1040 1198 1095; x_wconf 81' lang='lat' dir='ltr'><strong>disperso</strong></span> <span class='ocrx_word' id='word_1_63' title='bbox 1228 1041 1384 1092; x_wconf 90' lang='lat' dir='ltr'><strong>milite,</strong></span> <span class='ocrx_word' id='word_1_64' title='bbox 1415 1043 1490 1096; x_wconf 92' lang='lat' dir='ltr'><strong>qui</strong></span> <span class='ocrx_word' id='word_1_65' title='bbox 1518 1043 1563 1083; x_wconf 94' lang='lat' dir='ltr'><strong>in</strong></span> <span class='ocrx_word' id='word_1_66' title='bbox 1593 1056 1682 1083; x_wconf 92' lang='lat' dir='ltr'><strong>uno</strong></span> 
     </span>
     <span class='ocr_line' id='line_1_11' title="bbox 15 1108 1519 1175; baseline 0.001 -14"><span class='ocrx_word' id='word_1_67' title='bbox 15 1145 26 1155; x_wconf 47' lang='grc' dir='ltr'>ι</span> <span class='ocrx_word' id='word_1_68' title='bbox 73 1117 176 1162; x_wconf 82' lang='lat' dir='ltr'><strong>loco</strong></span> <span class='ocrx_word' id='word_1_69' title='bbox 208 1114 392 1161; x_wconf 81' lang='lat' dir='ltr'><strong>habitus</strong></span> <span class='ocrx_word' id='word_1_70' title='bbox 424 1133 590 1174; x_wconf 87' lang='lat' dir='ltr'><strong>vagum</strong></span> <span class='ocrx_word' id='word_1_71' title='bbox 624 1119 805 1162; x_wconf 85' lang='lat' dir='ltr'><strong>hostem</strong></span> <span class='ocrx_word' id='word_1_72' title='bbox 839 1122 1095 1175; x_wconf 90' lang='lat' dir='ltr'><strong>promptius</strong></span> <span class='ocrx_word' id='word_1_73' title='bbox 1129 1108 1519 1163; x_wconf 57' lang='lat' dir='ltr'><strong>sustentavissetff’</strong></span> 
     </span>
     <span class='ocr_line' id='line_1_12' title="bbox 133 1192 1681 1256; baseline 0.001 -14"><span class='ocrx_word' id='word_1_74' title='bbox 133 1198 295 1242; x_wconf 87' lang='lat' dir='ltr'><strong>Codex</strong></span> <span class='ocrx_word' id='word_1_75' title='bbox 326 1199 371 1241; x_wconf 90' lang='lat' dir='ltr'><strong>in</strong></span> <span class='ocrx_word' id='word_1_76' title='bbox 405 1192 494 1241; x_wconf 81' lang='lat' dir='ltr'><strong>fine</strong></span> <span class='ocrx_word' id='word_1_77' title='bbox 526 1201 782 1242; x_wconf 90' lang='lat' dir='ltr'><strong>sententiae</strong></span> <span class='ocrx_word' id='word_1_78' title='bbox 816 1201 947 1243; x_wconf 90' lang='lat' dir='ltr'><strong>addit</strong></span> <span class='ocrx_word' id='word_1_79' title='bbox 980 1202 1118 1243; x_wconf 90' lang='lat' dir='ltr'><strong>etiam</strong></span> <span class='ocrx_word' id='word_1_80' title='bbox 1149 1202 1417 1256; x_wconf 84' lang='lat' dir='ltr'><strong>particulam</strong></span> <span class='ocrx_word' id='word_1_81' title='bbox 1445 1210 1498 1245; x_wconf 88' lang='lat' dir='ltr'><strong>et.</strong></span> <span class='ocrx_word' id='word_1_82' title='bbox 1533 1201 1681 1256; x_wconf 79' lang='lat' dir='ltr'><strong>Quam</strong></span> 
     </span>
     <span class='ocr_line' id='line_1_13' title="bbox 44 1265 1682 1336; baseline 0.002 -15"><span class='ocrx_word' id='word_1_83' title='bbox 44 1298 47 1302; x_wconf 58' lang='lat'>&gt;</span> <span class='ocrx_word' id='word_1_84' title='bbox 73 1265 320 1322; x_wconf 79' lang='lat' dir='ltr'><strong>lectionem</strong></span> <span class='ocrx_word' id='word_1_85' title='bbox 352 1280 416 1321; x_wconf 89' lang='lat' dir='ltr'><strong>sic</strong></span> <span class='ocrx_word' id='word_1_86' title='bbox 449 1286 604 1322; x_wconf 87' lang='lat' dir='ltr'><strong>natam</strong></span> <span class='ocrx_word' id='word_1_87' title='bbox 631 1281 849 1322; x_wconf 86' lang='lat' dir='ltr'><strong>arbitror:</strong></span> <span class='ocrx_word' id='word_1_88' title='bbox 881 1282 926 1323; x_wconf 92' lang='lat' dir='ltr'><strong>in</strong></span> <span class='ocrx_word' id='word_1_89' title='bbox 954 1281 1168 1336; x_wconf 87' lang='lat' dir='ltr'><strong>exemplo</strong></span> <span class='ocrx_word' id='word_1_90' title='bbox 1196 1282 1458 1336; x_wconf 85' lang='lat' dir='ltr'><strong>legebatur:</strong></span> <span class='ocrx_word' id='word_1_91' title='bbox 1485 1291 1682 1325; x_wconf 84' lang='lat' dir='ltr'><strong>sustenta</strong></span> 
     </span>
     <span class='ocr_line' id='line_1_14' title="bbox 77 1360 1682 1416; baseline 0.002 -15"><span class='ocrx_word' id='word_1_92' title='bbox 77 1390 161 1406; x_wconf 83' lang='grc'><strong>....</strong></span> <span class='ocrx_word' id='word_1_93' title='bbox 189 1367 232 1402; x_wconf 87' lang='lat' dir='ltr'><strong>et</strong></span> <span class='ocrx_word' id='word_1_94' title='bbox 255 1360 564 1415; x_wconf 90' lang='lat' dir='ltr'><strong>suprascripto</strong></span> <span class='ocrx_word' id='word_1_95' title='bbox 590 1360 779 1402; x_wconf 88' lang='lat' dir='ltr'><strong>lacunae</strong></span> <span class='ocrx_word' id='word_1_96' title='bbox 806 1361 1130 1416; x_wconf 90' lang='lat' dir='ltr'><strong>supplemento</strong></span> <span class='ocrx_word' id='word_1_97' title='bbox 1157 1363 1303 1412; x_wconf 80' lang='lat' dir='ltr'><strong>visset,</strong></span> <span class='ocrx_word' id='word_1_98' title='bbox 1331 1363 1455 1416; x_wconf 93' lang='lat' dir='ltr'><strong>quod</strong></span> <span class='ocrx_word' id='word_1_99' title='bbox 1474 1362 1682 1405; x_wconf 88' lang='lat' dir='ltr'><strong>librarius</strong></span> 
     </span>
     <span class='ocr_line' id='line_1_15' title="bbox 43 1441 1684 1496; baseline 0.003 -14"><span class='ocrx_word' id='word_1_100' title='bbox 43 1441 140 1483; x_wconf 70' lang='lat' dir='ltr'><strong>2ita</strong></span> <span class='ocrx_word' id='word_1_101' title='bbox 182 1441 228 1482; x_wconf 95' lang='lat' dir='ltr'><strong>in</strong></span> <span class='ocrx_word' id='word_1_102' title='bbox 271 1446 452 1483; x_wconf 90' lang='lat' dir='ltr'><strong>textum</strong></span> <span class='ocrx_word' id='word_1_103' title='bbox 495 1443 669 1496; x_wconf 90' lang='lat' dir='ltr'><strong>recepit</strong></span> <span class='ocrx_word' id='word_1_104' title='bbox 712 1448 761 1484; x_wconf 91' lang='lat' dir='ltr'><strong>ut</strong></span> <span class='ocrx_word' id='word_1_105' title='bbox 802 1443 923 1484; x_wconf 88' lang='lat' dir='ltr'><strong>istud</strong></span> <span class='ocrx_word' id='word_1_106' title='bbox 956 1451 998 1485; x_wconf 87' lang='lat' dir='ltr'><strong>et</strong></span> <span class='ocrx_word' id='word_1_107' title='bbox 1029 1444 1260 1484; x_wconf 88' lang='lat' dir='ltr'><strong>retineret.</strong></span> <span class='ocrx_word' id='word_1_108' title='bbox 1298 1443 1365 1485; x_wconf 89' lang='lat' dir='ltr'><strong>Cf.</strong></span> <span class='ocrx_word' id='word_1_109' title='bbox 1401 1444 1460 1486; x_wconf 92' lang='lat' dir='ltr'><strong>H.</strong></span> <span class='ocrx_word' id='word_1_110' title='bbox 1496 1445 1577 1495; x_wconf 94' lang='lat' dir='ltr'>III,</span> <span class='ocrx_word' id='word_1_111' title='bbox 1613 1456 1684 1495; x_wconf 87' lang='lat'><strong>20,</strong></span> 
     </span>
     <span class='ocr_line' id='line_1_16' title="bbox 75 1521 1682 1577; baseline 0.002 -14"><span class='ocrx_word' id='word_1_112' title='bbox 75 1521 152 1564; x_wconf 86' lang='lat' dir='ltr'><strong>ubi</strong></span> <span class='ocrx_word' id='word_1_113' title='bbox 195 1521 242 1563; x_wconf 90' lang='lat' dir='ltr'><strong>in</strong></span> <span class='ocrx_word' id='word_1_114' title='bbox 283 1522 443 1564; x_wconf 90' lang='lat' dir='ltr'><strong>codice</strong></span> <span class='ocrx_word' id='word_1_115' title='bbox 485 1522 767 1577; x_wconf 90' lang='lat' dir='ltr'><strong>ineptissime</strong></span> <span class='ocrx_word' id='word_1_116' title='bbox 800 1523 986 1577; x_wconf 89' lang='lat' dir='ltr'><strong>legitur:</strong></span> <span class='ocrx_word' id='word_1_117' title='bbox 1029 1529 1075 1564; x_wconf 90' lang='lat' dir='ltr'><strong>et</strong></span> <span class='ocrx_word' id='word_1_118' title='bbox 1112 1524 1293 1576; x_wconf 89' lang='lat' dir='ltr'><strong>„vineis,</strong></span> <span class='ocrx_word' id='word_1_119' title='bbox 1328 1525 1682 1567; x_wconf 86' lang='lat' dir='ltr'><strong>machinamenti</strong></span> 
     </span>
     <span class='ocr_line' id='line_1_17' title="bbox 73 1603 1683 1662; baseline 0.001 -18"><span class='ocrx_word' id='word_1_120' title='bbox 73 1615 217 1657; x_wconf 88' lang='lat' dir='ltr'><strong>genus</strong></span> <span class='ocrx_word' id='word_1_121' title='bbox 259 1603 317 1644; x_wconf 85' lang='lat' dir='ltr'><strong>ad</strong></span> <span class='ocrx_word' id='word_1_122' title='bbox 363 1604 696 1658; x_wconf 89' lang='lat' dir='ltr'><strong>expugnandos</strong></span> <span class='ocrx_word' id='word_1_123' title='bbox 737 1617 889 1644; x_wconf 87' lang='lat' dir='ltr'><strong>muros</strong></span> <span class='ocrx_word' id='word_1_124' title='bbox 921 1604 966 1644; x_wconf 91' lang='lat' dir='ltr'><strong>in</strong></span> <span class='ocrx_word' id='word_1_125' title='bbox 989 1604 1188 1662; x_wconf 20' lang='lat' dir='ltr'><strong>&#39;modum</strong></span> <span class='ocrx_word' id='word_1_126' title='bbox 1220 1604 1410 1646; x_wconf 91' lang='lat' dir='ltr'><strong>turrium</strong></span> <span class='ocrx_word' id='word_1_127' title='bbox 1444 1605 1614 1646; x_wconf 90' lang='lat' dir='ltr'><strong>factum</strong></span> <span class='ocrx_word' id='word_1_128' title='bbox 1647 1606 1683 1646; x_wconf 92' lang='lat' dir='ltr'><strong>is</strong></span> 
     </span>
     <span class='ocr_line' id='line_1_18' title="bbox 74 1682 1683 1739; baseline 0.002 -16"><span class='ocrx_word' id='word_1_129' title='bbox 74 1682 383 1737; x_wconf 85' lang='lat' dir='ltr'><strong>aggredienda</strong></span> <span class='ocrx_word' id='word_1_130' title='bbox 425 1682 575 1725; x_wconf 90' lang='lat' dir='ltr'><strong>urbs.&#39;’</strong></span> <span class='ocrx_word' id='word_1_131' title='bbox 621 1683 829 1738; x_wconf 90' lang='lat' dir='ltr'><strong>Recepto</strong></span> <span class='ocrx_word' id='word_1_132' title='bbox 872 1683 993 1725; x_wconf 87' lang='lat' dir='ltr'><strong>enim</strong></span> <span class='ocrx_word' id='word_1_133' title='bbox 1037 1684 1083 1726; x_wconf 94' lang='lat' dir='ltr'><strong>in</strong></span> <span class='ocrx_word' id='word_1_134' title='bbox 1125 1689 1304 1725; x_wconf 90' lang='lat' dir='ltr'><strong>textum</strong></span> <span class='ocrx_word' id='word_1_135' title='bbox 1349 1691 1453 1739; x_wconf 90' lang='lat' dir='ltr'><strong>post</strong></span> <span class='ocrx_word' id='word_1_136' title='bbox 1483 1685 1683 1739; x_wconf 88' lang='lat' dir='ltr'><strong>syllabas</strong></span> 
     </span>
     <span class='ocr_line' id='line_1_19' title="bbox 68 1762 1683 1819; baseline 0.001 -14"><span class='ocrx_word' id='word_1_137' title='bbox 68 1762 172 1805; x_wconf 62' lang='lat' dir='ltr'><strong>‘vine</strong></span> <span class='ocrx_word' id='word_1_138' title='bbox 199 1763 622 1818; x_wconf 71' lang='lat' dir='ltr'><strong>interpretamento,</strong></span> <span class='ocrx_word' id='word_1_139' title='bbox 652 1764 777 1818; x_wconf 91' lang='lat' dir='ltr'><strong>quod</strong></span> <span class='ocrx_word' id='word_1_140' title='bbox 805 1764 850 1804; x_wconf 92' lang='lat' dir='ltr'><strong>in</strong></span> <span class='ocrx_word' id='word_1_141' title='bbox 878 1763 1092 1818; x_wconf 88' lang='lat' dir='ltr'><strong>exemplo</strong></span> <span class='ocrx_word' id='word_1_142' title='bbox 1120 1765 1238 1805; x_wconf 92' lang='lat' dir='ltr'><strong>inter</strong></span> <span class='ocrx_word' id='word_1_143' title='bbox 1265 1764 1406 1806; x_wconf 91' lang='lat' dir='ltr'><strong>lineas</strong></span> <span class='ocrx_word' id='word_1_144' title='bbox 1432 1765 1683 1819; x_wconf 87' lang='lat' dir='ltr'><strong>legebatur,</strong></span> 
     </span>
    </p>
   </div>
   <div class='ocr_carea' id='block_1_5' title="bbox 0 1203 41 1926">
    <p class='ocr_par' dir='ltr' id='par_1_6' title="bbox 0 1203 41 1926">
     <span class='ocr_line' id='line_1_20' title="bbox 0 1203 41 1926; textangle 90"><span class='ocrx_word' id='word_1_145' title='bbox 5 1654 37 1926; x_wconf 40' lang='lat' dir='ltr'><strong>suanzmwsszazrm</strong></span> <span class='ocrx_word' id='word_1_146' title='bbox 6 1619 27 1628; x_wconf 55' lang='grc' dir='ltr'>ὲ</span> <span class='ocrx_word' id='word_1_147' title='bbox 11 1465 15 1478; x_wconf 57' lang='grc'><strong>’“</strong></span> <span class='ocrx_word' id='word_1_148' title='bbox 33 1431 41 1444; x_wconf 66' lang='grc'><strong>,.</strong></span> <span class='ocrx_word' id='word_1_149' title='bbox 0 1300 39 1402; x_wconf 40' lang='lat' dir='ltr'><strong>as:</strong></span> <span class='ocrx_word' id='word_1_150' title='bbox 10 1242 35 1264; x_wconf 59' lang='lat' dir='ltr'><strong>‹rJ</strong></span> <span class='ocrx_word' id='word_1_151' title='bbox 34 1203 37 1207; x_wconf 82' lang='grc'><strong>,</strong></span> 
     </span>
    </p>
   </div>
   <div class='ocr_carea' id='block_1_6' title="bbox 0 1841 1683 2542">
    <p class='ocr_par' dir='ltr' id='par_1_7' title="bbox 3 1841 1682 2140">
     <span class='ocr_line' id='line_1_21' title="bbox 71 1841 1682 1899; baseline 0.002 -15"><span class='ocrx_word' id='word_1_152' title='bbox 71 1841 278 1884; x_wconf 87' lang='lat' dir='ltr'><strong>librarius</strong></span> <span class='ocrx_word' id='word_1_153' title='bbox 319 1848 481 1898; x_wconf 89' lang='lat' dir='ltr'><strong>postea</strong></span> <span class='ocrx_word' id='word_1_154' title='bbox 514 1857 690 1894; x_wconf 91' lang='lat' dir='ltr'><strong>vocem,</strong></span> <span class='ocrx_word' id='word_1_155' title='bbox 723 1857 750 1885; x_wconf 91' lang='lat' dir='ltr'><strong>a</strong></span> <span class='ocrx_word' id='word_1_156' title='bbox 783 1849 1039 1885; x_wconf 91' lang='lat' dir='ltr'><strong>correctore</strong></span> <span class='ocrx_word' id='word_1_157' title='bbox 1074 1844 1287 1894; x_wconf 87' lang='lat' dir='ltr'><strong>monitus,</strong></span> <span class='ocrx_word' id='word_1_158' title='bbox 1321 1845 1565 1899; x_wconf 89' lang='lat' dir='ltr'><strong>supplevit,</strong></span> <span class='ocrx_word' id='word_1_159' title='bbox 1601 1847 1682 1888; x_wconf 91' lang='lat' dir='ltr'><strong>sed</strong></span> 
     </span>
     <span class='ocr_line' id='line_1_22' title="bbox 72 1923 1682 1992; baseline 0.002 -27"><span class='ocrx_word' id='word_1_160' title='bbox 72 1937 237 1978; x_wconf 86' lang='lat' dir='ltr'><strong>vagam</strong></span> <span class='ocrx_word' id='word_1_161' title='bbox 279 1923 504 1978; x_wconf 89' lang='lat' dir='ltr'><strong>syllabam</strong></span> <span class='ocrx_word' id='word_1_162' title='bbox 547 1925 586 1966; x_wconf 85' lang='lat' dir='ltr'><strong>z&#39;s</strong></span> <span class='ocrx_word' id='word_1_163' title='bbox 629 1924 781 1967; x_wconf 90' lang='lat' dir='ltr'><strong>delere</strong></span> <span class='ocrx_word' id='word_1_164' title='bbox 826 1925 1041 1979; x_wconf 86' lang='lat' dir='ltr'><strong>neglexit.</strong></span> <span class='ocrx_word' id='word_1_165' title='bbox 1087 1925 1257 1966; x_wconf 88' lang='lat' dir='ltr'><strong>Nostro</strong></span> <span class='ocrx_word' id='word_1_166' title='bbox 1298 1940 1407 1967; x_wconf 91' lang='lat' dir='ltr'><strong>vero</strong></span> <span class='ocrx_word' id='word_1_167' title='bbox 1438 1926 1540 1992; x_wconf 75' lang='lat' dir='ltr'><strong>loco</strong></span> <span class='ocrx_word' id='word_1_168' title='bbox 1573 1927 1682 1968; x_wconf 90' lang='lat' dir='ltr'><strong>olim</strong></span> 
     </span>
     <span class='ocr_line' id='line_1_23' title="bbox 3 1990 1682 2059; baseline 0.002 -15"><span class='ocrx_word' id='word_1_169' title='bbox 3 1990 8 2013; x_wconf 61' lang='lat'><em>⁵</em></span> <span class='ocrx_word' id='word_1_170' title='bbox 31 1992 39 2050; x_wconf 76' lang='lat'><em>]</em></span> <span class='ocrx_word' id='word_1_171' title='bbox 71 2004 299 2059; x_wconf 69' lang='lat' dir='ltr'><strong>scriptum,</strong></span> <span class='ocrx_word' id='word_1_172' title='bbox 316 2004 450 2046; x_wconf 88' lang='lat' dir='ltr'><strong>fuisse</strong></span> <span class='ocrx_word' id='word_1_173' title='bbox 477 2005 683 2059; x_wconf 87' lang='lat' dir='ltr'><strong>suspicor</strong></span> <span class='ocrx_word' id='word_1_174' title='bbox 701 2018 792 2045; x_wconf 91' lang='lat' dir='ltr'><strong>non</strong></span> <span class='ocrx_word' id='word_1_175' title='bbox 804 2005 1149 2055; x_wconf 73' lang='lat' dir='ltr'><strong>sustentavisset,</strong></span> <span class='ocrx_word' id='word_1_176' title='bbox 1169 2006 1292 2059; x_wconf 91' lang='lat' dir='ltr'><strong>quod</strong></span> <span class='ocrx_word' id='word_1_177' title='bbox 1312 2005 1415 2047; x_wconf 91' lang='lat' dir='ltr'><strong>huic</strong></span> <span class='ocrx_word' id='word_1_178' title='bbox 1434 2007 1682 2048; x_wconf 88' lang='lat' dir='ltr'><strong>narrationi</strong></span> 
     </span>
     <span class='ocr_line' id='line_1_24' title="bbox 6 2086 1165 2140; baseline 0.001 -14"><span class='ocrx_word' id='word_1_179' title='bbox 6 2110 8 2115; x_wconf 93' lang='lat'>·</span> <span class='ocrx_word' id='word_1_180' title='bbox 73 2097 234 2140; x_wconf 89' lang='lat' dir='ltr'><strong>parurn</strong></span> <span class='ocrx_word' id='word_1_181' title='bbox 261 2090 435 2140; x_wconf 87' lang='lat' dir='ltr'><strong>aptum,</strong></span> <span class='ocrx_word' id='word_1_182' title='bbox 470 2098 628 2126; x_wconf 90' lang='lat' dir='ltr'><strong>verum</strong></span> <span class='ocrx_word' id='word_1_183' title='bbox 660 2093 913 2127; x_wconf 84' lang='lat' dir='ltr'><strong>sustentare</strong></span> <span class='ocrx_word' id='word_1_184' title='bbox 936 2086 1165 2140; x_wconf 81' lang='lat' dir='ltr'><strong>potuisset.</strong></span> 
     </span>
    </p>

    <p class='ocr_par' dir='ltr' id='par_1_8' title="bbox 132 2165 1322 2221">
     <span class='ocr_line' id='line_1_25' title="bbox 132 2165 1322 2221; baseline 0.001 -14"><span class='ocrx_word' id='word_1_185' title='bbox 132 2165 272 2208; x_wconf 90' lang='lat' dir='ltr'><strong>Paulo</strong></span> <span class='ocrx_word' id='word_1_186' title='bbox 305 2171 440 2208; x_wconf 88' lang='lat' dir='ltr'><strong>antea</strong></span> <span class='ocrx_word' id='word_1_187' title='bbox 473 2166 518 2207; x_wconf 93' lang='lat' dir='ltr'><strong>in</strong></span> <span class='ocrx_word' id='word_1_188' title='bbox 551 2167 717 2207; x_wconf 89' lang='lat' dir='ltr'><strong>eodem</strong></span> <span class='ocrx_word' id='word_1_189' title='bbox 750 2166 901 2221; x_wconf 90' lang='lat' dir='ltr'><strong>capite</strong></span> <span class='ocrx_word' id='word_1_190' title='bbox 933 2166 1046 2207; x_wconf 87' lang='lat' dir='ltr'><strong>haec</strong></span> <span class='ocrx_word' id='word_1_191' title='bbox 1080 2166 1322 2208; x_wconf 86' lang='lat' dir='ltr'><strong>habemus:</strong></span> 
     </span>
    </p>

    <p class='ocr_par' dir='ltr' id='par_1_9' title="bbox 0 2246 1683 2542">
     <span class='ocr_line' id='line_1_26' title="bbox 136 2246 1680 2301; baseline 0.002 -13"><span class='ocrx_word' id='word_1_192' title='bbox 136 2246 430 2300; x_wconf 87' lang='lat' dir='ltr'><strong>„Adventare</strong></span> <span class='ocrx_word' id='word_1_193' title='bbox 461 2246 753 2301; x_wconf 89' lang='lat' dir='ltr'><strong>Vologaesen</strong></span> <span class='ocrx_word' id='word_1_194' title='bbox 782 2260 950 2301; x_wconf 89' lang='lat' dir='ltr'><strong>magno</strong></span> <span class='ocrx_word' id='word_1_195' title='bbox 980 2252 1025 2288; x_wconf 91' lang='lat' dir='ltr'><strong>et</strong></span> <span class='ocrx_word' id='word_1_196' title='bbox 1054 2246 1230 2288; x_wconf 89' lang='lat' dir='ltr'><strong>infenso</strong></span> <span class='ocrx_word' id='word_1_197' title='bbox 1258 2248 1440 2301; x_wconf 89' lang='lat' dir='ltr'><strong>agmine</strong></span> <span class='ocrx_word' id='word_1_198' title='bbox 1458 2249 1680 2291; x_wconf 85' lang='lat' dir='ltr'><strong>auditum.</strong></span> 
     </span>
     <span class='ocr_line' id='line_1_27' title="bbox 26 2319 1683 2383; baseline 0.002 -15"><span class='ocrx_word' id='word_1_199' title='bbox 26 2319 262 2383; x_wconf 62' lang='lat' dir='ltr'><strong>{Accitur</strong></span> <span class='ocrx_word' id='word_1_200' title='bbox 309 2326 430 2381; x_wconf 86' lang='lat' dir='ltr'><strong>legio</strong></span> <span class='ocrx_word' id='word_1_201' title='bbox 479 2327 767 2377; x_wconf 88' lang='lat' dir='ltr'><strong>duodecima,</strong></span> <span class='ocrx_word' id='word_1_202' title='bbox 816 2333 863 2368; x_wconf 91' lang='lat' dir='ltr'><strong>et</strong></span> <span class='ocrx_word' id='word_1_203' title='bbox 911 2328 1031 2368; x_wconf 89' lang='lat' dir='ltr'><strong>unde</strong></span> <span class='ocrx_word' id='word_1_204' title='bbox 1081 2326 1248 2368; x_wconf 86' lang='lat' dir='ltr'><strong>samam</strong></span> <span class='ocrx_word' id='word_1_205' title='bbox 1290 2329 1411 2369; x_wconf 90' lang='lat' dir='ltr'><strong>aucti</strong></span> <span class='ocrx_word' id='word_1_206' title='bbox 1455 2330 1683 2371; x_wconf 88' lang='lat' dir='ltr'><strong>exercitus</strong></span> 
     </span>
     <span class='ocr_line' id='line_1_28' title="bbox 0 2406 1682 2461; baseline 0.002 -14"><span class='ocrx_word' id='word_1_207' title='bbox 0 2432 29 2455; x_wconf 61' lang='lat'><strong>·=‹.</strong></span> <span class='ocrx_word' id='word_1_208' title='bbox 71 2412 348 2460; x_wconf 89' lang='lat' dir='ltr'><strong>speraverat,</strong></span> <span class='ocrx_word' id='word_1_209' title='bbox 377 2407 559 2461; x_wconf 89' lang='lat' dir='ltr'><strong>prodita</strong></span> <span class='ocrx_word' id='word_1_210' title='bbox 588 2406 907 2461; x_wconf 86' lang='lat' dir='ltr'><strong>infrequentia.</strong></span> <span class='ocrx_word' id='word_1_211' title='bbox 942 2406 1043 2460; x_wconf 79' lang='lat' dir='ltr'><strong>Qua</strong></span> <span class='ocrx_word' id='word_1_212' title='bbox 1072 2412 1227 2448; x_wconf 91' lang='lat' dir='ltr'><strong>tamen</strong></span> <span class='ocrx_word' id='word_1_213' title='bbox 1257 2409 1439 2449; x_wconf 91' lang='lat' dir='ltr'><strong>retineri</strong></span> <span class='ocrx_word' id='word_1_214' title='bbox 1468 2415 1615 2451; x_wconf 86' lang='lat' dir='ltr'><strong>castra</strong></span> <span class='ocrx_word' id='word_1_215' title='bbox 1634 2415 1682 2451; x_wconf 89' lang='lat' dir='ltr'><strong>et</strong></span> 
     </span>
     <span class='ocr_line' id='line_1_29' title="bbox 72 2467 1682 2542; baseline 0.003 -15"><span class='ocrx_word' id='word_1_216' title='bbox 72 2467 193 2528; x_wconf 73' lang='lat' dir='ltr'><strong>eludi</strong></span> <span class='ocrx_word' id='word_1_217' title='bbox 236 2486 429 2528; x_wconf 90' lang='lat' dir='ltr'><strong>Parthus</strong></span> <span class='ocrx_word' id='word_1_218' title='bbox 473 2492 621 2528; x_wconf 88' lang='lat' dir='ltr'><strong>tractu</strong></span> <span class='ocrx_word' id='word_1_219' title='bbox 665 2487 771 2529; x_wconf 91' lang='lat' dir='ltr'><strong>belli</strong></span> <span class='ocrx_word' id='word_1_220' title='bbox 816 2493 1012 2542; x_wconf 86' lang='lat' dir='ltr'><strong>poterat,</strong></span> <span class='ocrx_word' id='word_1_221' title='bbox 1046 2488 1082 2528; x_wconf 89' lang='lat' dir='ltr'><strong>si</strong></span> <span class='ocrx_word' id='word_1_222' title='bbox 1118 2487 1258 2528; x_wconf 89' lang='lat' dir='ltr'><strong>Paeto</strong></span> <span class='ocrx_word' id='word_1_223' title='bbox 1291 2494 1369 2529; x_wconf 92' lang='lat' dir='ltr'><strong>aut</strong></span> <span class='ocrx_word' id='word_1_224' title='bbox 1403 2490 1446 2530; x_wconf 93' lang='lat' dir='ltr'><strong>in</strong></span> <span class='ocrx_word' id='word_1_225' title='bbox 1480 2490 1570 2531; x_wconf 87' lang='lat' dir='ltr'><strong>suis</strong></span> <span class='ocrx_word' id='word_1_226' title='bbox 1602 2496 1682 2532; x_wconf 87' lang='lat' dir='ltr'><strong>aut</strong></span> 
     </span>
    </p>
   </div>
   <div class='ocr_carea' id='block_1_7' title="bbox 1 2566 1066 2612">
    <p class='ocr_par' dir='ltr' id='par_1_10' title="bbox 1 2566 1066 2612">
     <span class='ocr_line' id='line_1_30' title="bbox 1 2566 1066 2612; baseline -0.002 -2"><span class='ocrx_word' id='word_1_227' title='bbox 1 2566 26 2612; x_wconf 66' lang='lat' dir='ltr'><strong>‘s‘</strong></span> <span class='ocrx_word' id='word_1_228' title='bbox 72 2566 117 2608; x_wconf 88' lang='lat' dir='ltr'><strong>in</strong></span> <span class='ocrx_word' id='word_1_229' title='bbox 149 2566 307 2608; x_wconf 88' lang='lat' dir='ltr'><strong>alienis</strong></span> <span class='ocrx_word' id='word_1_230' title='bbox 341 2567 540 2609; x_wconf 89' lang='lat' dir='ltr'><strong>consiliis</strong></span> <span class='ocrx_word' id='word_1_231' title='bbox 572 2568 831 2609; x_wconf 89' lang='lat' dir='ltr'><strong>constantia</strong></span> <span class='ocrx_word' id='word_1_232' title='bbox 864 2567 1066 2608; x_wconf 88' lang='lat' dir='ltr'><strong>fuisset.&#39;&#39;</strong></span> 
     </span>
    </p>
   </div>
   <div class='ocr_carea' id='block_1_8' title="bbox 71 2727 1678 2785">
    <p class='ocr_par' dir='ltr' id='par_1_11' title="bbox 71 2727 1678 2785">
     <span class='ocr_line' id='line_1_31' title="bbox 71 2727 1678 2785; baseline 0.002 -16"><span class='ocrx_word' id='word_1_233' title='bbox 71 2727 236 2770; x_wconf 88' lang='lat' dir='ltr'><strong>dicitur</strong></span> <span class='ocrx_word' id='word_1_234' title='bbox 267 2729 325 2769; x_wconf 91' lang='lat' dir='ltr'><strong>ad</strong></span> <span class='ocrx_word' id='word_1_235' title='bbox 354 2729 657 2770; x_wconf 89' lang='lat' dir='ltr'><strong>resistendum</strong></span> <span class='ocrx_word' id='word_1_236' title='bbox 686 2729 906 2770; x_wconf 85' lang='lat' dir='ltr'><strong>hostibus.</strong></span> <span class='ocrx_word' id='word_1_237' title='bbox 937 2727 1056 2768; x_wconf 91' lang='lat' dir='ltr'><strong>Nam</strong></span> <span class='ocrx_word' id='word_1_238' title='bbox 1085 2729 1326 2781; x_wconf 89' lang='lat' dir='ltr'><strong>quominus</strong></span> <span class='ocrx_word' id='word_1_239' title='bbox 1354 2729 1463 2770; x_wconf 93' lang='lat' dir='ltr'><strong>mihi</strong></span> <span class='ocrx_word' id='word_1_240' title='bbox 1492 2744 1678 2785; x_wconf 88' lang='lat' dir='ltr'><strong>respon-</strong></span> 
     </span>
    </p>
   </div>
   <div class='ocr_carea' id='block_1_9' title="bbox 0 2368 1698 2703">
    <p class='ocr_par' dir='ltr' id='par_1_12' title="bbox 0 2368 1698 2709">
     <span class='ocr_line' id='line_1_32' title="bbox 0 2368 31 2432; baseline 0 -26"><span class='ocrx_word' id='word_1_241' title='bbox 0 2368 31 2432; x_wconf 48' lang='grc' dir='ltr'><strong>ἓ,</strong></span> 
     </span>
     <span class='ocr_line' id='line_1_33' title="bbox 0 2607 1698 2703; baseline 0.001 -14"><span class='ocrx_word' id='word_1_242' title='bbox 0 2607 28 2683; x_wconf 46' lang='grc' dir='ltr'><em>ξ</em></span> <span class='ocrx_word' id='word_1_243' title='bbox 134 2648 260 2698; x_wconf 91' lang='lat' dir='ltr'><strong>Mire,</strong></span> <span class='ocrx_word' id='word_1_244' title='bbox 291 2662 347 2689; x_wconf 89' lang='lat' dir='ltr'><strong>ne</strong></span> <span class='ocrx_word' id='word_1_245' title='bbox 375 2648 570 2690; x_wconf 90' lang='lat' dir='ltr'><strong>absurde</strong></span> <span class='ocrx_word' id='word_1_246' title='bbox 599 2649 763 2699; x_wconf 89' lang='lat' dir='ltr'><strong>dicam,</strong></span> <span class='ocrx_word' id='word_1_247' title='bbox 783 2649 881 2702; x_wconf 86' lang='lat' dir='ltr'><strong>ipsa</strong></span> <span class='ocrx_word' id='word_1_248' title='bbox 897 2648 1202 2702; x_wconf 77' lang='lat' dir='ltr'><strong>infrequentia</strong></span> <span class='ocrx_word' id='word_1_249' title='bbox 1220 2647 1340 2689; x_wconf 88' lang='lat' dir='ltr'><strong>utilis</strong></span> <span class='ocrx_word' id='word_1_250' title='bbox 1358 2662 1455 2690; x_wconf 91' lang='lat' dir='ltr'><strong>esse</strong></span> <span class='ocrx_word' id='word_1_251' title='bbox 1474 2650 1676 2703; x_wconf 86' lang='lat' dir='ltr'><strong>potuisse</strong></span> <span class='ocrx_word' id='word_1_252' title='bbox 1695 2697 1698 2700; x_wconf 32' lang='lat'>¹</span> 
     </span>
    </p>
   </div>
   <div class='ocr_carea' id='block_1_10' title="bbox 70 2808 1677 2865">
    <p class='ocr_par' dir='ltr' id='par_1_13' title="bbox 3 2802 1677 2865">
     <span class='ocr_line' id='line_1_34' title="bbox 70 2808 1677 2865; baseline 0.002 -15.84"><span class='ocrx_word' id='word_1_253' title='bbox 70 2808 231 2850; x_wconf 87' lang='lat' dir='ltr'><strong>deatur</strong></span> <span class='ocrx_word' id='word_1_254' title='bbox 272 2808 348 2849; x_wconf 87' lang='lat' dir='ltr'><strong>illa</strong></span> <span class='ocrx_word' id='word_1_255' title='bbox 390 2823 503 2850; x_wconf 88' lang='lat' dir='ltr'><strong>voce</strong></span> <span class='ocrx_word' id='word_1_256' title='bbox 545 2810 743 2852; x_wconf 72' lang='lat' dir='ltr'><strong>cohortes</strong></span> <span class='ocrx_word' id='word_1_257' title='bbox 786 2809 1089 2865; x_wconf 77' lang='lat' dir='ltr'><strong>infrequentes</strong></span> <span class='ocrx_word' id='word_1_258' title='bbox 1131 2808 1356 2862; x_wconf 87' lang='lat' dir='ltr'><strong>designari</strong></span> <span class='ocrx_word' id='word_1_259' title='bbox 1402 2824 1534 2864; x_wconf 89' lang='lat' dir='ltr'><strong>posse</strong></span> <span class='ocrx_word' id='word_1_260' title='bbox 1578 2811 1677 2865; x_wconf 89' lang='lat' dir='ltr'><strong>ipsa</strong></span> 
     </span>
    </p>
   </div>
   <div class='ocr_carea' id='block_1_11' title="bbox 0 2823 38 3412">
    <p class='ocr_par' dir='ltr' id='par_1_14' title="bbox 0 2823 38 3412">
     <span class='ocr_line' id='line_1_35' title="bbox 0 2823 38 3412; baseline 0 0"><span class='ocrx_word' id='word_1_261' title='bbox 0 2823 38 3412; x_wconf 95' lang='lat' dir='ltr'><strong>     </strong></span> 
     </span>
    </p>
   </div>
   <div class='ocr_carea' id='block_1_12' title="bbox 25 2887 1676 3025">
    <p class='ocr_par' dir='ltr' id='par_1_15' title="bbox 25 2887 1676 3025">
     <span class='ocr_line' id='line_1_36' title="bbox 27 2887 1676 2943; baseline 0.002 -15"><span class='ocrx_word' id='word_1_262' title='bbox 27 2912 30 2936; x_wconf 65' lang='lat'>2</span> <span class='ocrx_word' id='word_1_263' title='bbox 67 2888 294 2928; x_wconf 87' lang='lat' dir='ltr'><strong>sententia</strong></span> <span class='ocrx_word' id='word_1_264' title='bbox 328 2888 501 2929; x_wconf 86' lang='lat' dir='ltr'><strong>obstat:</strong></span> <span class='ocrx_word' id='word_1_265' title='bbox 538 2890 582 2930; x_wconf 91' lang='lat' dir='ltr'><strong>in</strong></span> <span class='ocrx_word' id='word_1_266' title='bbox 617 2890 825 2943; x_wconf 87' lang='lat' dir='ltr'><strong>„prodita</strong></span> <span class='ocrx_word' id='word_1_267' title='bbox 854 2887 1188 2941; x_wconf 89' lang='lat' dir='ltr'><strong>infrequentia”</strong></span> <span class='ocrx_word' id='word_1_268' title='bbox 1217 2889 1552 2932; x_wconf 81' lang='lat' dir='ltr'><strong>substantivum</strong></span> <span class='ocrx_word' id='word_1_269' title='bbox 1581 2905 1676 2932; x_wconf 84' lang='lat' dir='ltr'><strong>con·</strong></span> 
     </span>
     <span class='ocr_line' id='line_1_37' title="bbox 25 2967 1676 3025; baseline 0.002 -16"><span class='ocrx_word' id='word_1_270' title='bbox 25 2995 35 3016; x_wconf 60' lang='lat'><strong>‚=</strong></span> <span class='ocrx_word' id='word_1_271' title='bbox 68 2967 274 3009; x_wconf 80' lang='lat' dir='ltr'><strong>ditionem</strong></span> <span class='ocrx_word' id='word_1_272' title='bbox 293 2969 526 3022; x_wconf 90' lang='lat' dir='ltr'><strong>copiarum</strong></span> <span class='ocrx_word' id='word_1_273' title='bbox 543 2970 782 3023; x_wconf 89' lang='lat' dir='ltr'><strong>significat,</strong></span> <span class='ocrx_word' id='word_1_274' title='bbox 802 2982 950 3023; x_wconf 90' lang='lat' dir='ltr'><strong>neque</strong></span> <span class='ocrx_word' id='word_1_275' title='bbox 970 2981 1080 3021; x_wconf 88' lang='lat' dir='ltr'><strong>ergo</strong></span> <span class='ocrx_word' id='word_1_276' title='bbox 1098 2969 1232 3009; x_wconf 89' lang='lat' dir='ltr'><strong>adiici</strong></span> <span class='ocrx_word' id='word_1_277' title='bbox 1252 2975 1404 3023; x_wconf 90' lang='lat' dir='ltr'><strong>potest</strong></span> <span class='ocrx_word' id='word_1_278' title='bbox 1422 2985 1676 3025; x_wconf 90' lang='lat' dir='ltr'><strong>pronomen</strong></span> 
     </span>
    </p>
   </div>
  </div>
 </body>
</html>
