2040 3412
1136 314 1190 357 34

358 421 492 463 simul
520 422 740 463 eiusmodi
770 427 817 463 ut
846 423 890 463 in
914 437 1062 464 rerum
1080 428 1240 464 natura
1256 422 1390 463 fuisse
1407 422 1591 480 eredere
1609 434 1700 462 non
1717 421 1888 476 possim

361 502 484 556 Ergo
527 502 771 543 narrationi
813 501 930 544 hanc
973 502 1157 544 subesse
1191 503 1430 543 veritatem
1462 501 1766 555 suspicamur:
1797 513 1896 543 rev
1933 499 1967 558 j,

358 581 478 622 Libo
511 582 663 622 animo
695 595 824 636 spem
857 583 1086 636 quandam
1119 582 1232 623 fovit
1265 581 1450 636 periculi
1484 581 1678 636 plenam,
1707 586 1755 622 et
1781 574 1971 634 sum-ns*-¹

361 674 569 715 quaeque
611 667 881 716 exspectans
921 662 1012 703 iam
1055 662 1271 717 principis
1313 661 1464 702 vivere
1503 661 1643 702 vitam
1683 661 1849 715 coepit,

357 741 554 782 alienum
587 742 828 791 contraxit,
862 743 1032 783 amicos
1059 743 1116 783 ad
1145 741 1275 782 luxus
1303 741 1715 795 necessitatumque
1744 722 1968 795 perduxi?

358 821 638 871 societatem,
673 822 819 863 donec
853 835 1009 863 eorum
1038 835 1164 871 unus,
1193 821 1344 871 Catus,
1373 820 1606 862 metuebat
1634 833 1692 862 ne
1717 833 1766 862 se
1793 819 1902 862 Lib
1925 813 1981 879 ξ

358 899 584 954 alligasset
628 901 770 955 magis
813 915 950 954 quam
992 901 1076 955 ipsi
1119 901 1229 942 utile
1261 906 1392 950 esset,
1426 906 1564 954 atque
1597 905 1646 941 ut
1679 899 1726 942 et
1757 899 1856 955 peri
1940 883 1981 961 χ’

358 993 405 1020 se
438 980 724 1021 subtraheret
752 980 797 1021 e‘t
825 986 1016 1034 accepto
1044 981 1247 1034 praemio
1275 993 1351 1021 aes
1376 980 1575 1021 alienum
1602 979 1779 1021 solvere
1805 971 1986 1034 vs

361 1059 587 1100 Libonem
631 1060 862 1101 indicavit.
901 1060 967 1101 Cf.
1002 1059 1106 1102 Sen.
1140 1060 1227 1114 Ep.
1262 1070 1331 1114 70,
1371 1071 1446 1102 10:
1486 1059 1649 1112 „Drusi
1681 1040 1981 1123 [ἰὴοῃίεψξῗ

363 1138 665 1180 adolescentis
698 1145 791 1180 tarn
823 1139 977 1181 stolidi
1010 1153 1148 1193 quam
1175 1139 1350 1189 nobilis,
1380 1139 1552 1180 maiora
1577 1138 1800 1194 sperantis
1824 1151 1855 1193 q
1896 1123 1970 1172 ,‚¹{J

363 1217 440 1259 illo
473 1218 652 1259 saeculo
686 1219 926 1272 quisquam
958 1232 1139 1273 sperare
1172 1224 1353 1273 poterat
1385 1224 1463 1260 aut
1495 1219 1591 1273 ipse
1614 1217 1759 1260 .ullo”.
1940 1271 1954 1282 Δγ

434 1297 581 1338 Multo
625 1311 697 1338 me
729 1297 900 1338 facilius
932 1298 1130 1352 expedio
1163 1311 1187 1338 e
1219 1297 1483 1340 difficultate
1515 1311 1653 1352 quam
1684 1295 1883 1341 narratio

364 1378 493 1432 falso
521 1378 728 1433 Agrippa
761 1377 900 1418 habet
933 1377 1007 1432 (A.
1042 1377 1098 1427 ΙΙ,
1131 1377 1220 1432 40).
1255 1377 1336 1418 Ille
1369 1378 1490 1419 enim

494 1458 780 1512 percontanti
823 1457 1021 1507 Tiberio,
1055 1458 1287 1511 quomodo
1319 1457 1528 1512 Agrippa
1559 1456 1704 1499 factus
1734 1460 1866 1507 esset,
1940 1445 1948 1455 ⁸

430 1538 666 1591 spondisse
698 1537 859 1578 fertur:
894 1537 1139 1591 Quomodo
1171 1543 1219 1578 tu
1249 1537 1426 1579 Caesar.
1958 1580 1983 1585 Δ

507 1616 691 1670 „falsum
726 1630 796 1657 me
829 1615 1084 1671 Agrippam
1117 1630 1213 1658 esse
1248 1617 1404 1666 fateor,
1437 1617 1517 1659 sed
1545 1616 1708 1671 quibus
1735 1628 1822 1671 ego
1846 1610 1978 1682 fra-1332}

370 1629 504 1737 dibus
536 1702 582 1736 et
614 1696 862 1737 mendaciis
894 1696 1102 1751 Agrippa
1133 1710 1232 1738 sum
1264 1696 1419 1747 factus,
1453 1697 1614 1738 iisdem
1646 1701 1711 1738 tu
1723 1694 1891 1739 Caesar
1923 1698 1984 1737 ’πί

370 1775 536 1816 factus:
571 1775 706 1816 falsus
737 1776 858 1816 enim
892 1775 1056 1817 Caesar
1084 1775 1178 1817 'es’'.
1952 1766 1960 1774 ἶ

433 1854 643 1895 Petulans
686 1854 891 1908 profecto
928 1869 1193 1910 responsum
1226 1855 1501 1910 plenumque
1534 1854 1963 1914 contumeliaes-‹f-

373 1947 464 1987 quo
495 1933 627 1974 simul
659 1947 786 1975 suam
818 1934 983 1976 fatetur
1014 1935 1208 1990 culpam.
1243 1935 1398 1989 Atque
1430 1935 1476 1976 id
1509 1948 1612 1976 eum
1643 1948 1727 1977 non
1753 1931 1989 1977 fecisses‘

372 2018 523 2054 cetera
565 2014 821 2055 narratione
863 2021 1068 2069 apparet.
1107 2015 1364 2069 Tamquam
1395 2016 1516 2057 enim
1547 2015 1792 2065 hominem,
1824 2013 1982 2071 que'¹

369 2098 418 2133 ut
451 2092 610 2147 culpae
642 2094 935 2135 convinceret
965 2108 1057 2135 non
1085 2094 1170 2136 sibi
1197 2095 1451 2149 contigerit,
1477 2094 1595 2136 clam
1621 2107 1726 2136 eum
1752 2094 1976 2147 occide

370 2173 478 2214 dum
503 2173 711 2214 Tiberius
728 2180 868 2216 curat.
888 2173 1178 2229 Quapropter
1194 2175 1482 2229 respondisse
1501 2188 1625 2216 reum
1643 2172 1897 2230 interrogv

369 2265 556 2293 censeo:
605 2252 876 2306 „Quomodo
907 2259 957 2295 tu
990 2254 1155 2296 Caesar
1168 2253 1212 2295 ?''
1244 2255 1373 2296 Tunc
1405 2255 1527 2296 enim
1558 2254 1645 2296 hoc
1677 2255 1811 2297 dicite
1848 2258 1966 2311 „ega

368 2345 458 2372 non
491 2345 589 2372 sum
612 2333 771 2386 factus
801 2334 881 2374 sed
914 2339 1046 2375 natus
1078 2333 1309 2388 Agrippa;
1342 2339 1391 2374 tu
1425 2334 1575 2387 potius
1607 2333 1680 2375 dic
1711 2333 1789 2388 qui
1814 2333 1845 2375 f
1869 2352 1889 2368 .-

366 2411 426 2451 sis
469 2411 655 2462 Caesar3
699 2412 785 2453 hoc
827 2413 947 2453 enim
990 2427 1156 2455 nomen
1197 2414 1321 2454 omni
1353 2398 1573 2454 scelerum
1604 2426 1797 2468 genere·
1802 2426 1865 2455 es
1958 2393 1967 2407 'V

368 2489 543 2543 eptus’'.
578 2490 624 2532 Si
657 2499 786 2533 antea
818 2491 959 2533 fassus
991 2493 1080 2534 iam
1112 2498 1244 2542 esset,
1272 2493 1478 2547 ineptum
1506 2492 1623 2534 foret
1648 2506 1753 2535 eum
1778 2506 1931 2548 roga

369 2570 577 2621 quomodo
614 2571 773 2624 factus
814 2585 858 2612 es
896 2572 1150 2626 Agrippas‘,
1194 2572 1414 2615 eiusmodi
1457 2572 1812 2626 interrogatione
1853 2584 1940 2616 eu
1928 2587 1991 2673 χχ

369 2647 498 2689 fateri
531 2655 740 2690 coactum
773 2651 873 2703 quis
906 2650 1089 2692 credat?

428 2805 653 2858 Quoniam
706 2808 846 2848 semel
893 2809 937 2849 in
983 2810 1345 2851 accusationibus
1392 2809 1744 2864 criminibusque
1789 2794 1986 2866 versor'js

369 2885 537 2925 addam
568 2885 636 2925 his
669 2899 727 2926 ex
758 2888 921 2929 eodem
953 2903 1119 2942 genere
1150 2889 1300 2931 locum
1327 2890 1523 2942 graviter
1552 2895 1828 2945 corruptum,
1854 2904 1900 2933 nr
1923 2879 1989 2931 „³55²

369 2964 492 3012 dum,
525 2969 573 3003 ut
605 2964 713 3004 mihi
748 2966 939 3016 videtur,
967 2983 1123 3010 revera
1149 2983 1176 3010 a
1203 2969 1368 3010 criticis
1394 2975 1661 3019 correctum,
1688 2971 1826 3012 credo
1852 2969 1980 3026 quw
