2040 3412
884 344 964 390 275

51 511 52 514 Ἴ
125 453 480 509 cogitationibus
514 459 560 496 et
593 455 780 497 omnino
815 456 858 497 in
891 461 1012 498 statu
1040 456 1219 511 privato
1252 456 1338 498 hoc
1365 456 1511 499 solum
1539 463 1607 499 est
1635 458 1726 499 lau-

46 519 59 563 ³,
123 533 327 576 dandum
355 535 479 589 quod
508 536 693 590 regredi
720 535 876 586 liceat;
905 550 998 578 vox
1016 544 1300 592 progressus,
1330 538 1392 579 sic
1418 538 1537 580 nude
1563 539 1725 593 posita,

40 593 45 604 λ
123 626 357 669 nunquam
375 627 470 656 rem
487 614 765 657 laudandam
783 616 1094 670 optandamve
1111 617 1349 671 significat.
1373 617 1463 660 Sed
1482 619 1726 673 Lipsianae

48 686 64 708 ”
123 693 411 737 coniecturae
455 708 557 737 cum
602 696 764 759 ceteris
807 696 1017 738 omnibus
1060 710 1301 739 commune
1344 697 1431 739 hoc
1464 698 1625 740 vitium
1658 704 1727 740 est

46 826 48 832 X
123 777 247 831 quod
299 781 460 831 „prout
508 776 650 818 velint
697 776 799 832 plus
847 777 1082 819 minusve’
1130 777 1520 833 languidissimum
1569 785 1637 821 est
1680 785 1726 821 et

47 845 78 874 ³⁴²
123 856 344 899 ubertatis
385 857 431 899 in
469 857 632 899 Tacito
665 863 788 899 certe
821 871 912 900 non
944 858 1224 900 tolerandae.
1258 858 1550 915 Quapropter
1582 859 1726 901 multo

26 991 47 999 „
121 938 342 981 leniorem
369 938 488 980 hanc
514 953 726 994 propono
752 940 1138 991 emendationem,
1166 955 1257 994 qua
1276 941 1437 983 ,omnia
1454 941 1499 983 in
1518 941 1725 983 ordinem

34 1009 46 1051 ‘ss
121 1018 364 1062 videantur
396 1019 563 1074 redigi:
598 1020 875 1074 transposita
907 1021 1228 1062 coniunctione
1259 1029 1301 1064 et
1330 1021 1556 1076 legamus:

79 1083 83 1085 .
186 1113 310 1153 „esse
352 1100 542 1155 privatis
585 1100 939 1154 cogitationibus
982 1115 1269 1156 progressum
1313 1102 1643 1157 prout'velint‚
1680 1108 1726 1144 et

121 1179 222 1236 plus
265 1181 472 1222 minusve
514 1181 629 1222 sumi
671 1195 730 1222 ex
763 1181 1004 1241 Afortuna”:
1049 1182 1228 1236 privato
1271 1182 1444 1224 homini
1485 1182 1591 1224 licet
1633 1196 1725 1224 non

38 1244 41 1247 ’
88 1279 89 1282 “
121 1260 239 1304 ultra
282 1275 420 1316 quam
463 1261 559 1316 ipse
592 1261 702 1303 velit
736 1262 962 1316 progredi,
998 1267 1043 1303 et
1075 1268 1296 1316 quantum
1331 1263 1624 1304 commodum
1657 1268 1726 1304 est

121 1355 148 1383 a
188 1341 371 1384 fortuna
411 1342 563 1383 sumit.
606 1341 673 1383 At
715 1342 792 1396 qui
833 1337 974 1383 sem‘el
1017 1343 1074 1383 ad
1114 1343 1353 1397 imperium
1387 1344 1609 1398 pervenit,
1643 1343 1726 1385 nisi

87 1436 98 1448 Χ
120 1435 301 1478 semper
333 1422 434 1478 plus
466 1422 552 1464 sibi
585 1423 791 1476 acquirit,
825 1428 949 1464 certa
981 1423 1022 1464 ei
1054 1423 1193 1464 instat
1225 1424 1461 1478 pernicies,

181 1584 242 1626 H.
276 1584 334 1635 II,
368 1585 440 1639 76.
484 1584 536 1625 In
580 1583 869 1633 allocutione,
903 1596 993 1638 qua
1026 1583 1361 1638 Vespasianum
1395 1583 1452 1624 ad
1485 1583 1725 1638 imperium

122 1669 272 1716 vocat,
301 1664 541 1706 Mucianus
569 1664 626 1706 de
654 1663 843 1705 Vitellio
872 1668 975 1705 cum'
1005 1664 1206 1705 maximo
1224 1663 1424 1718 loquitur
1441 1669 1725 1719 contemptu.

125 1745 249 1800 „Iam
281 1744 546 1788 Othonem”
579 1745 642 1786 ait

186 1824 563 1880 „desiderabilem
607 1830 654 1866 et
697 1834 912 1878 magnum
956 1824 1210 1879 principem
1254 1823 1374 1874 fecit,
1408 1838 1512 1865 cum
1544 1824 1726 1866 interim

120 1906 294 1962 spargit
325 1905 542 1961 legioneS‚
573 1910 779 1947 exarmat
806 1904 1032 1954 cohortes,
1061 1918 1181 1946 nova
1208 1904 1376 1946 cotidie
1405 1903 1526 1946 bello
1553 1904 1727 1945 semina

121 1985 391 2028 ministrat.’'

181 2066 347 2123 Apage
366 2067 575 2122 'ineptias
608 2071 654 2107 et
686 2080 794 2107 novo
826 2065 940 2119 lege.

181 2228 241 2270 H.
269 2228 328 2279 ΙΙ,
359 2229 428 2270 82.
458 2228 528 2269 De
557 2227 677 2269 bello
705 2227 830 2281 quod
855 2240 881 2267 a
900 2226 1185 2280 Vespasiano
1214 2226 1518 2281 Mucianoque
1543 2233 1727 2282 paratur

120 2315 167 2351 et
199 2309 287 2351 alia
320 2303 374 2351 et‘
397 2309 511 2350 haec
543 2308 759 2363 legimus:

185 2391 314 2446 „Ipse
327 2389 638 2445 Vespasianus
656 2389 780 2430 adire
799 2387 983 2437 hortari,
1003 2387 1149 2428 bonos
1166 2387 1313 2437 laude,
1333 2401 1494 2442 segnes
1512 2389 1725 2444 exemplo

121 2471 311 2513 incitare
349 2471 529 2525 saepius
561 2483 700 2524 quam
733 2473 956 2517 coercere,
986 2466 1097 2508 vitia
1130 2467 1272 2521 magis
1304 2468 1554 2509 amicorum
1587 2482 1724 2523 quarn

121 2552 311 2594 virtutes
344 2548 675 2592 dissimulans.”
881 2537 883 2539 ¹

184 2631 393 2675 coercere
425 2636 470 2672 et
503 2631 692 2672 incitare
723 2627 1027 2670 diversissima
1058 2631 1163 2667 sunt
1195 2632 1242 2667 et
1272 2632 1451 2669 tantum
1484 2642 1575 2670 non
1608 2629 1726 2671 inter

118 2726 167 2754 se
207 2712 446 2761 contraria,
482 2724 584 2752 cum
618 2716 772 2751 tamen
806 2708 879 2749 hic
913 2706 1053 2748 verba
1086 2706 1388 2760 requiruntur,
1422 2721 1539 2762 quae
1572 2709 1724 2751 colore

119 2793 306 2847 quidem
349 2791 564 2834 differunt
606 2790 685 2831 sed
730 2790 852 2830 idem
894 2786 1145 2835 consilium,
1189 2787 1478 2841 eundemque
1511 2788 1724 2831 effectum

118 2873 389 2928 significant.
423 2871 568 2926 Atqui
602 2871 841 2911 incitamus
874 2880 1051 2922 segneS‚
1085 2866 1165 2907 sed
1199 2871 1461 2909 coercemus
1491 2893 1549 2898 —
1581 2867 1724 2923 quos?

120 2954 301 3008 Nempe
334 2954 493 2994 insano
527 2952 688 2993 ardore
722 2950 950 3003 abreptOS,
986 2946 1288 2997 lascivientes,
1317 2962 1394 2989 eos
1422 2949 1619 3004 denique
1647 2952 1724 3005 qui

119 3035 207 3076 huc
253 3034 359 3074 illuc
408 3032 652 3074 volitantes
698 3042 988 3072 communem
1033 3027 1238 3068 laborem
1281 3028 1537 3083 impediunt
1581 3032 1724 3086 magis
