2040 3412
1087 282 1171 335 298

336 398 456 439 ronis
499 397 631 438 bonis
662 398 966 440 afferebantur
999 388 1277 455 respuendis,
1311 402 1390 443 sed
1424 416 1532 444 mox
1564 403 1726 445 Vinius
1755 405 1798 446 ei
1829 390 1986 460 per·

334 477 474 518 suasit
517 483 566 518 ut
606 477 704 519 illas
734 479 963 534 acciperet
996 486 1041 522 et
1072 482 1329 536 sumptibus
1362 483 1587 537 regalibus
1619 497 1676 526 ne
1709 477 1985 545 parceret-‘32'

335 556 438 611 Quo
486 557 782 612 argumento?
831 556 1009 615 Nempe
1042 559 1097 602 τα
1141 566 1317 611 γενναῖα
1360 565 1503 604 ταῦτα
1550 562 1620 604 καὶ
1665 562 1818 618 ἄτυφα
1858 543 1990 622 aaz}

333 636 529 679 πολιτικὰ
574 637 855 689 δημαγωγίαν
899 639 1158 693 ἀποφαίνων.
1220 642 1416 696 Egregia
1457 643 1583 694 haec,
1626 645 1706 686 sed
1747 626 1999 689 additui-¹2?

334 716 404 759 καὶ
442 716 696 769 κομψότητα
728 717 933 770 μεγάλων
965 719 1230 771 ἀπαξιοῦσαν
1264 722 1430 773 ἑαυτήν,
1463 723 1541 764 ubi
1575 724 1684 778 quid
1717 724 1803 767 sibi
1831 703 2002 785 ›tofa-J?

333 796 514 849 ψότητος
561 801 937 842 commemoratio
980 801 1087 843 velit
1131 815 1222 843 non
1266 802 1415 844 video.
1466 803 1728 858 Requiritur
1757 804 1932 860 aliquid
1948 787 2002 863 „J

333 878 456 932 quod
490 878 674 920 nimiam
706 881 1014 922 verecundiam
1047 881 1283 935 significet.

393 958 537 1000 Galba
569 958 659 999 XV
692 956 763 999 καὶ
797 957 891 1001 τότε
925 958 1126 1012 παρόντες
1165 949 1242 1016 (sc.
1275 961 1487 1004 classiarii
1519 962 1580 1004 illi
1610 963 1775 1018 quibus
1803 964 1971 1008 Nero*

333 1039 526 1080 militum
554 1039 744 1081 dederat
761 1040 927 1095 locum)
945 1039 1318 1090 ἐκβεβαιώσασθαι
1335 1041 1408 1089 τὴν
1430 1041 1669 1094 στρατείαν.
1699 1043 1928 1099 Equidem
1973 1017 2004 1090 2⁸

331 1125 377 1161 et
410 1119 481 1160 hic
515 1117 719 1171 στρατιάν
755 1133 858 1162 cum
892 1121 1126 1163 codicibus
1159 1121 1403 1176 legendum
1436 1135 1600 1164 censeo
1633 1129 1680 1165 et
1706 1137 1931 1180 reponen-

331 1200 438 1240 dum
473 1202 652 1254 στρατιᾷ
683 1201 803 1255 apud
838 1201 1035 1243 Dionem
1068 1202 1139 1255 64,
1161 1214 1183 1256 3
1219 1202 1291 1256 (ad
1325 1215 1461 1256 quem
1493 1202 1642 1245 locum
1675 1209 1931 1259 provocant
1966 1181 1990 1237 37-

332 1280 407 1333 qui
437 1285 593 1321 nostro
622 1279 847 1332 στρατείαν
877 1281 1080 1336 malunt).
1115 1281 1205 1324 Sed
1234 1287 1469 1336 praeterea
1497 1282 1582 1324 hoc
1609 1297 1792 1339 quoque
1820 1284 1931 1327 mihi

336 1359 578 1400 molestum
611 1366 679 1402 est
711 1362 834 1415 quod
867 1375 894 1402 a
925 1360 1125 1413 παρόντες
1159 1362 1330 1417 pendet
1362 1362 1624 1406 infinitivus.

392 1439 537 1481 Galba
581 1440 717 1482 XVII
774 1439 791 1480 ὁ
841 1439 881 1481 δὲ
921 1440 1162 1494 πρεσβύτης
1206 1440 1382 1490 ἠδικεῖτο
1430 1441 1486 1483 τὰ
1535 1442 1612 1492 μὲν
1661 1445 1807 1495 πρῶτα
1855 1438 1928 1487 τοῦ

332 1518 495 1560 Οὐινίου
529 1523 665 1566 κακῶς
699 1519 954 1572 διοικοῦντος,
987 1518 1016 1563 ἃ
1051 1521 1084 1563 δ’
1118 1521 1242 1568 αὐτὸς
1276 1521 1393 1574 ὀρθῶς
1430 1526 1639 1575 προῃρεῖτο
1671 1521 1929 1574 διαβάλλων·

328 1614 396 1646 τος
437 1598 459 1648 ἢ
504 1599 744 1647 κωλύοντος.
780 1602 904 1643 Vinii
937 1602 1070 1657 culpa
1101 1616 1206 1652 non,
1240 1608 1290 1644 ut
1322 1604 1496 1658 opinor,
1529 1604 1725 1646 iniuriae
1754 1603 1926 1660 aliquid

331 1680 502 1722 Galbae
545 1681 777 1731 afferebat,
821 1682 900 1723 sed
944 1682 1088 1724 malae
1117 1684 1282 1737 famae
1317 1688 1386 1724 sat
1420 1682 1626 1724 multum.
1658 1683 1784 1738 Lege
1817 1697 1937 1739 ergo.
2004 1723 2016 1739 ί

328 1774 411 1814 pro
443 1760 620 1809 ἠδικεῖτο
653 1761 726 1803 vel
757 1759 889 1810 ἠδόξει
919 1761 991 1802 vel
1018 1761 1139 1803 aliud
1170 1762 1358 1803 verbum
1386 1762 1509 1816 quod
1537 1775 1639 1804 eam
1665 1763 1757 1805 vim
1786 1763 1927 1806 habet

329 1841 383 1882 cs.
428 1841 476 1883 c.
512 1842 673 1883 xvm
717 1841 916 1891 διαβολὴν
950 1837 1058 1893 εἶχε.
1102 1842 1281 1883 Deinde
1314 1842 1470 1896 utique
1503 1842 1623 1884 istud
1655 1842 1800 1895 πρῶτα
1832 1843 1934 1886 exi«

330 1921 560 1971 mendum,
605 1927 653 1962 ut
696 1921 814 1962 inter
854 1935 902 1962 se
944 1920 1002 1962 τὰ
1044 1920 1120 1970 μέν
1164 1927 1209 1963 et
1240 1918 1269 1962 ἃ
1303 1919 1343 1962 δέ
1377 1927 1695 1976 opponuntur:
1734 1922 1925 1976 „hocin
1983 1915 1988 1941 3

328 2001 546 2042 invidiam
579 2001 825 2042 inducebat
857 2015 1012 2042 senem
1041 2002 1164 2056 quod
1195 2001 1358 2043 Vinius
1385 2002 1472 2043 alia
1498 2001 1614 2043 male
1641 2002 1927 2045 administra-
1971 1998 2008 2067 ’ᾖ

328 2080 421 2130 bat,
465 2081 564 2130 alia,
609 2094 726 2135 quae
769 2082 864 2135 ipse
907 2081 1024 2123 bene
1067 2082 1338 2131 instituerat,
1383 2082 1453 2123 vel
1497 2082 1819 2137 corrumpebat
1851 2080 1926 2133 vel

329 2161 656 2215 impediebat.’'
1872 2155 1876 2158 ⁵
1987 2213 1991 2216 ι
2011 2204 2018 2214 ¹„

389 2241 534 2283 Galba
578 2242 690 2283 XIX
745 2242 989 2283 Narratum
1030 2247 1098 2283 est
1141 2242 1197 2283 de
1242 2242 1505 2284 Hordeonei
1549 2242 1716 2292 Flacci,
1759 2242 1836 2298 qui
1877 2241 1924 2285 in

327 2323 557 2376 superiore
584 2322 737 2363 stabat
765 2321 1021 2371 Germania,
1041 2321 1257 2363 militibus
1274 2322 1668 2364 tumultuantibus.
1696 2321 1925 2365 Continuo
2006 2328 2021 2344 “

328 2415 446 2442 nunc
489 2402 713 2455 sequitur:
756 2404 924 2442 τοιοῦτα
967 2400 1008 2442 δὲ
1053 2398 1175 2453 ἕτερα
1216 2400 1286 2442 καὶ
1320 2405 1397 2442 τῶν
1433 2398 1508 2443 ὑπὸ
1542 2400 1938 2464 Τιγελλίνῳᾷταγω
1978 2399 2013 2446 ῑ.ἷ.

327 2480 472 2530 μάτων
516 2480 774 2535 ὑβριζόντων,
819 2483 894 2524 ubi
937 2483 1118 2536 egregia
1155 2488 1224 2524 est
1257 2483 1530 2524 Mommseni
1563 2463 1823 2524 emendatio
1854 2486 1921 2530 Bt-v
1961 2492 2022 2538 ’ᾗ

325 2560 478 2614 τελλίῳ
522 2563 621 2616 (pro
663 2561 933 2617 Τιγελλίνῳ),
976 2576 1113 2616 quam
1155 2562 1308 2603 nescio
1350 2575 1440 2616 quo
1477 2562 1579 2603 loco
1612 2562 1722 2603 mihi
1753 2551 1919 2604 lectam

326 2642 398 2683 hic
432 2656 554 2697 pono
587 2656 643 2683 ne
676 2643 812 2683 abeat
845 2642 889 2683 in
924 2641 1216 2683 oblivionem.
1989 2699 1994 2706 ἢ

388 2721 533 2763 Galba
565 2722 677 2762 XXI
727 2720 796 2763 καὶ
833 2721 877 2763 τὸ
912 2720 1207 2773 στρατιωτικὸν
1243 2719 1363 2768 ἡδέως
1402 2716 1495 2772 εἶχε
1531 2719 1599 2762 τὸν
1627 2719 1796 2762 ’Ὄθωνα
1810 2749 1945 2763 .....

324 2800 662 2852 ἀναγορευθῆναι.
698 2802 815 2843 Mira
846 2802 1139 2850 constructio,
1173 2807 1232 2850 et,
1266 2807 1316 2842 ut
1349 2802 1525 2860 opinor,
1558 2805 1784 2855 corrupta.

386 2881 530 2922 Galba
558 2882 695 2922 XXII
730 2882 993 2923 Hordeonei
1021 2881 1186 2922 milites
1211 2880 1383 2922 Galbae
1401 2881 1620 2935 imagines
1637 2880 1920 2935 diripuerunt

325 2966 371 3001 et
412 2962 586 3002 senatui
624 2962 886 3016 populoque
919 2962 1076 3003 dicunt
1107 2966 1453 3011 sacramentum,
1487 2956 1581 3002 εἶτα
1612 2963 1698 3006 τοῖς
1727 2943 2022 3021 &relatvm-'Ti
