2040 3412
1134 306 1220 350 254
1858 363 1874 374 ..
1917 358 1921 359 γ

381 416 502 470 poris
536 416 761 471 (reperiri)
795 429 899 457 usus
927 422 1045 458 esset
1072 416 1297 458 infinitivo
1324 418 1403 460 sed
1433 418 1634 472 perfecti.
1669 419 1806 462 Hisce
1842 440 1895 457 ι

381 496 464 537 bus
491 495 726 550 perpensis
755 509 836 550 pro
865 497 1062 551 reperiri
1086 496 1330 551 legendum
1358 511 1522 539 censeo
1541 498 1746 554 probari,
1764 499 1838 542 vel

381 575 490 629 quid
524 576 568 615 in
601 576 795 616 eandem
826 576 1114 617 sententiam.
1898 566 1903 567 ⁷

440 733 499 775 A.
527 733 633 784 XV,
661 734 701 775 8.
736 734 913 784 Paetus,
942 747 1083 776 vanus
1110 733 1183 776 ille
1209 728 1479 778 Corbulonis
1495 735 1709 788 aemulus,
1728 725 1898 793 φωρΔ

383 813 523 855 multa
554 814 733 868 agendo
767 814 877 855 nihil
910 815 1065 868 egerit,
1099 815 1209 868 quin
1243 815 1380 856 etiam
1412 815 1457 857 in
1483 829 1709 859 summum
1734 815 1837 860 disc'

383 907 478 935 rem
511 894 766 944 adduxerit,
799 893 869 935 his
901 894 1051 936 verbis
1084 895 1372 936 describitur:

449 974 758 1028 »Longinquis
775 974 1011 1015 itineribus
1028 958 1347 1029 percursando,
1367 989 1483 1030 quae
1501 976 1697 1019 obtineri
1713 990 1834 1033 nequ

381 1060 611 1108 corrupto,
645 1054 721 1108 qui
755 1060 915 1109 captus
949 1060 1058 1105 erat,
1093 1061 1351 1097 commeatu
1384 1061 1431 1097 et
1463 1057 1661 1099 instante
1692 1058 1783 1100 iam
1826 1039 1910 1096 ι”ῃ

383 1134 565 1176 reduxit
597 1134 894 1175 exercitum.”
1909 1193 1912 1199 Ι

446 1214 774 1270 Corrumpendz'
803 1219 1085 1256 commeatus
1114 1215 1247 1265 nulla,
1277 1221 1327 1258 ut
1354 1217 1529 1271 opinor,
1558 1230 1693 1260 causa
1717 1199 1910 1270 fuit33·=

382 1296 417 1337 si
461 1295 613 1349 aliquo
654 1294 899 1336 infortunio
932 1294 1102 1336 factum
1134 1301 1252 1337 esset
1284 1301 1334 1337 ut
1366 1296 1513 1351 ipsum
1546 1296 1655 1339 illud
1686 1296 1898 1340 frume

383 1377 507 1430 quod
551 1374 737 1424 milites,
782 1375 869 1416 huc
912 1374 1015 1416 illuc
1059 1389 1085 1416 a
1130 1375 1269 1417 Paeto
1313 1377 1444 1431 rapti,
1478 1377 1684 1432 praedati
1714 1358 1914 1429 εταηῐρζῒ

384 1461 680 1510 rumperetur,
715 1455 822 1496 boni
856 1455 1088 1509 scriptoris
1115 1461 1212 1496 erat
1239 1469 1355 1510 quae
1382 1469 1436 1497 ea
1462 1455 1596 1498 fuerit
1621 1455 1898 1503 calamitas

385 1549 495 1576 rare.
540 1535 659 1576 Nam
702 1548 841 1576 unum
883 1534 991 1576 illud
1035 1535 1158 1589 quod
1203 1535 1320 1576 ultro
1363 1536 1568 1591 citroque
1600 1523 1786 1579 currunt
1843 1557 1850 1573 ι

383 1615 610 1656 frumento
652 1628 810 1669 parum
845 1619 993 1655 nocet.
1037 1613 1156 1668 Quid
1190 1615 1313 1669 quod
1348 1629 1403 1656 ne
1435 1623 1643 1672 corrupto
1673 1590 1958 1675 quidemst?

385 1701 539 1737 mento
574 1708 688 1749 opus
721 1693 802 1735 fuit
834 1699 885 1735 ut
911 1699 1066 1735 tamen
1093 1700 1349 1736 commeatu
1375 1695 1505 1737 vacui
1533 1696 1578 1737 in
1605 1701 1752 1738 castra
1777 1695 1907 1753 redJ

384 1776 561 1817 milites.
591 1774 875 1829 Longinquis
901 1774 1136 1815 itineribus
1157 1780 1226 1815 sat
1242 1774 1428 1829 longum
1444 1781 1627 1830 tempus
1641 1775 1838 1819 insum
1878 1758 1918 1854 “

383 1855 561 1904 milites,
605 1855 758 1908 itaque
802 1854 925 1908 quod
966 1859 1210 1908 rapuerant
1242 1853 1517 1896 frumentum
1550 1847 1895 1941 comederunt-{3

384 1936 508 1989 Lege
541 1947 649 1988 ergo
682 1941 930 1988 consumpto
962 1946 1044 1987 pro
1077 1941 1299 1988 corrupto.
1338 1933 1413 1976 Sic
1445 1934 1577 1976 simul
1608 1934 1752 1990 inepti
1783 1927 1867 1977 h·-

384 2014 559 2055 vanitas
601 2013 840 2055 salsissime
883 2013 1221 2067 perstringitur.
1259 2014 1604 2068 „percursando,
1636 2027 1753 2070 quae
1785 1964 1899 2057 Obsi}

386 2094 651 2148 nequibant,
694 2098 979 2146 consumpto,
1026 2093 1102 2146 qui
1142 2098 1302 2146 captus
1344 2099 1454 2143 erat,
1498 2099 1757 2136 commeatu
1798 2106 1879 2136 re
1870 2075 1924 2153 d

384 2172 677 2215 exercitum.”
707 2172 831 2214 Nihil
857 2172 989 2214 solidi
1018 2172 1210 2226 imperio
1239 2172 1448 2214 Romano
1475 2173 1780 2228 acquisiverat
1799 2172 1850 2215 P

385 2260 444 2303 et,
477 2254 601 2308 quod
633 2252 779 2294 solum
812 2252 1036 2306 rapuerat,
1070 2251 1356 2301 frumentum,
1391 2252 1500 2294 illud
1529 2252 1588 2294 ab
1614 2253 1724 2308 ipsis
1749 2257 1912 2314 erat:

384 2339 615 2387 sumptum
644 2331 872 2373 militibus.
901 2331 1077 2372 Vocem
1105 2337 1257 2372 autem
1285 2345 1403 2386 quae
1429 2337 1497 2373 est
1523 2340 1800 2388 consumptus
1826 2332 1923 2416 αἲξ,

383 2412 517 2453 fuisse
550 2412 797 2452 obnoxiam
830 2410 1007 2451 casibus
1040 2411 1176 2452 docet
1208 2410 1266 2452 A.
1301 2411 1404 2460 XV,
1437 2421 1490 2467 57
1525 2412 1611 2466 (De
1641 2399 1913 2467 prchari

385 2492 612 2533 delissima
638 2496 880 2545 spernente
905 2495 1134 2531 tormenta
1151 2496 1379 2532 narratum
1396 2497 1479 2533 est.
1508 2491 1656 2545 Quam
1674 2490 1876 2536 narrati
1886 2535 1917 2560 Α

384 2572 447 2612 sic
481 2571 650 2612 claudit
682 2570 913 2625 scriptor).
1888 2563 1913 2579 ”

452 2651 551 2704 „Sic
585 2651 755 2705 primus
788 2650 1066 2704 quaestionis
1099 2650 1196 2691 dies
1227 2656 1518 2705 contemptus
1550 2649 1662 2692 est.”
1883 2702 1887 2705 Δ

447 2731 512 2772 Ut
561 2731 766 2784 ineptum
815 2730 923 2771 illud
966 2737 1230 2784 contemptus
1271 2729 1344 2771 hic
1385 2730 1602 2772 scriberet
1644 2729 1774 2772 facile
1815 2707 1921 2856 aa?

388 2810 538 2863 potuit
570 2809 798 2850 librarius:
832 2809 1015 2863 legebat
1042 2808 1162 2849 enim
1191 2809 1248 2849 de
1275 2809 1460 2850 muliere
1487 2809 1710 2851 cruciatus
1737 2821 1886 2863 spero„

388 2895 434 2930 et
476 2897 775 2938 contemnente,
810 2895 855 2930 et
888 2894 1123 2943 praeterea
1155 2894 1261 2929 ante
1293 2889 1447 2930 oculos
1480 2890 1680 2931 habebat
1711 2899 1922 2939 vocem

390 2969 575 3009 modum
621 2969 682 3009 illi
726 2977 990 3022 contemptus
1032 2967 1247 3008 similem:
1291 2977 1579 3024 consumptus,
1622 2978 1760 3022 quam
1801 2980 1930 3035 0-1.
