2040 3412
78 1223 79 1227 ¹
101 1210 291 1252 CAPUT
398 1215 430 1256 Ι.

99 1358 290 1401 CAPUT
372 1364 426 1403 II.

98 1433 288 1475 CAPUT
350 1438 425 1477 ΙΙΙ.

97 1507 286 1549 CAPUT
355 1513 429 1552 IV.

93 1657 283 1699 CAPUT
374 1662 423 1701 V.

43 1736 45 1738 ’
64 1745 67 1747 ’
90 1731 281 1773 CAPUT
349 1736 421 1775 VI.

89 1806 280 1848 CAPUT
328 1811 422 1850 VII.

88 1954 278 1996 CAPUT
304 1959 420 1998 VIII.

88 2028 277 2070 CAPUT
346 2034 418 2072 IX.

83 2178 273 2219 CAPUT
367 2182 417 2221 X.

522 864 956 919 CONSPECTUS
994 872 1306 927 CAPITUM.
1369 910 1372 913 -

777 1071 1039 1079 Q

468 1216 532 1255 De
566 1216 711 1257 Tacito
747 1221 951 1260 Plutarchi
983 1222 1024 1261 in
1051 1223 1144 1263 vitis
1169 1226 1324 1266 Galbae
1350 1235 1391 1267 et
1419 1230 1595 1272 Othonis
1632 1189 1708 1224 pag.

533 1292 643 1330 fonte
710 1324 1591 1348 ..............
1680 1323 1697 1349 1

464 1364 735 1406 Continuatur
761 1369 903 1420 capitis
930 1372 948 1409 I
975 1381 1257 1423 argumentum
1314 1408 1588 1422 .....
1674 1386 1697 1423 6

461 1439 524 1478 De
551 1441 696 1481 Tacito
721 1442 912 1484 historico
978 1477 1589 1496 ..........
1650 1471 1695 1497 12

464 1515 528 1553 De
564 1515 663 1554 locis
695 1517 827 1556 Taciti
859 1526 1021 1571 propter
1047 1535 1173 1561 unum
1199 1525 1447 1566 vocabulum>
1467 1529 1588 1569 falsae

526 1588 847 1640 interpretationi
874 1594 1059 1634 obnoxiis
1108 1627 1585 1644 ........
1645 1619 1691 1645 21

461 1663 524 1702 De
538 1663 671 1703 Taciti
694 1666 990 1708 narrationibus
1006 1669 1186 1710 obscuris
1200 1671 1585 1728 incredibilibusque
1642 1693 1693 1730 30

459 1737 730 1778 Continuatur
758 1741 899 1792 capitis
926 1744 989 1782 III
1015 1752 1296 1801 argumentum
1307 1779 1583 1792 .....
1641 1767 1692 1802 40

460 1812 523 1850 De
557 1814 817 1863 popularibus
843 1815 1083 1867 quibusdam
1110 1820 1301 1870 loquendi
1328 1822 1435 1862 vitiis
1461 1824 1584 1865 etiarn

519 1887 628 1937 apud
654 1888 842 1928 Tacitum
870 1890 999 1930 obviis
1038 1922 1582 1940 .........
1640 1904 1691 1950 48

457 1960 520 1999 De
546 1961 681 2000 Taciti
707 1962 916 2003 codicibus
943 1965 1319 2009 observatiunculae
1371 2003 1379 2010 .
1439 2003 1447 2012 .
1505 2004 1513 2013 .
1572 2005 1581 2014 .
1640 1988 1687 2028 55

455 2034 517 2073 De
555 2036 762 2075 vocabulis
803 2037 1043 2088 quibusdam
1087 2043 1196 2091 apud
1232 2043 1421 2085 Tacitum
1458 2049 1578 2099 vulgo

519 2110 622 2148 male
648 2109 861 2151 intellectis
897 2143 905 2152 .
964 2144 972 2152 .
1006 2103 1013 2150 s
1030 2145 1577 2162 .........
1635 2126 1685 2164 66

455 2183 518 2221 De
557 2183 738 2223 locorum
778 2187 1031 2236 quorundam
1069 2188 1396 2231 distinctionibus
1444 2207 1579 2235 emen·
1735 2184 1737 2186 Ι

513 2257 658 2298 dandis
691 2289 1574 2311 ..............
1632 2274 1681 2324 85

81 2325 271 2367 CAPUT
339 2331 411 2370 XI.
448 2331 510 2370 De
545 2331 644 2371 locis
679 2333 808 2373 varias
844 2335 897 2374 ob
935 2349 1074 2376 causas
1109 2339 1229 2378 falsae
1256 2340 1576 2393 interpretationi

77 2475 267 2516 CAPUT
317 2479 411 2518 XII.

482 2405 669 2445 obnoxfis
691 2438 1571 2460 ..............
1629 2434 1678 2472 93

448 2481 511 2519 De
535 2481 668 2520 Taciti
691 2482 988 2524 narrationibus
1011 2486 1201 2537 obscuris,
1226 2490 1404 2540 turbatis,
1429 2492 1570 2544 imper-

506 2555 620 2594 fectis
685 2587 1566 2607 ..............
1602 2584 1675 2609 110
1729 2562 1897 2667 (ss

1601 2657 1674 2694 130

74 2623 264 2664 CAPUT
290 2627 406 2666 XIII.
443 2629 504 2667 De
531 2629 664 2668 Taciti
691 2631 849 2670 rhetore
874 2633 1005 2682 deque
1031 2633 1116 2673 eius
1143 2637 1245 2683 „fide
1271 2637 1499 2680 historica’'.
1557 2674 1565 2681 .

72 2698 261 2739 CAPUT
289 2702 401 2742 XIV.
439 2703 506 2742 Ad
550 2717 619 2743 sex
662 2705 813 2755 priores
857 2707 1079 2746 Annalium
1117 2709 1240 2749 libros
1283 2714 1566 2755 annotationes

70 2847 413 2890 EPIMETRUM
425 2867 433 2891 ε

501 2778 635 2818 variae
681 2810 1562 2829 ..............
1598 2793 1669 2830 162

477 2853 638 2891 Constat
661 2860 701 2892 et
726 2856 826 2893 satis
852 2862 1004 2894 constat
1028 2869 1119 2895 cum
1148 2857 1346 2899 infinitivo
1374 2862 1563 2903 coniunc-

500 2926 634 2966 tivove
660 2928 887 2978 praeteriti.
905 2936 1180 3008 “W
1201 2938 1533 3011 warlans!
1550 2969 1559 2978 .
1594 2941 1665 2990 183
