<?xml version="1.0" encoding="UTF-8"?>
<!DOCTYPE html PUBLIC "-//W3C//DTD XHTML 1.0 Transitional//EN"
    "http://www.w3.org/TR/xhtml1/DTD/xhtml1-transitional.dtd">
<html xmlns="http://www.w3.org/1999/xhtml" xml:lang="en" lang="en">
 <head>
  <title>
</title>
<meta http-equiv="Content-Type" content="text/html;charset=utf-8" />
  <meta name='ocr-system' content='tesseract 3.04.00' />
  <meta name='ocr-capabilities' content='ocr_page ocr_carea ocr_par ocr_line ocrx_word'/>
</head>
<body>
  <div class='ocr_page' id='page_1' title='image "analectatacitea00hartuoft_0063.png"; bbox 0 0 2040 3412; ppageno 0'>
   <div class='ocr_carea' id='block_1_1' title="bbox 896 930 1026 972">
    <p class='ocr_par' dir='ltr' id='par_1_1' title="bbox 896 930 1026 972">
     <span class='ocr_line' id='line_1_1' title="bbox 896 930 1026 972; baseline 0.008 -1"><span class='ocrx_word' id='word_1_1' title='bbox 896 930 1026 972; x_wconf 90' lang='lat' dir='ltr'><strong>VIII.</strong></span> 
     </span>
    </p>
   </div>
   <div class='ocr_carea' id='block_1_2' title="bbox 160 1081 1770 1700">
    <p class='ocr_par' dir='ltr' id='par_1_2' title="bbox 160 1081 1769 1453">
     <span class='ocr_line' id='line_1_2' title="bbox 225 1081 1768 1140; baseline 0.003 -17"><span class='ocrx_word' id='word_1_2' title='bbox 225 1081 435 1124; x_wconf 90' lang='lat' dir='ltr'>Pfitzneri</span> <span class='ocrx_word' id='word_1_3' title='bbox 470 1082 798 1125; x_wconf 88' lang='lat' dir='ltr'>commentatio</span> <span class='ocrx_word' id='word_1_4' title='bbox 833 1081 920 1132; x_wconf 89' lang='lat' dir='ltr'>illa,</span> <span class='ocrx_word' id='word_1_5' title='bbox 955 1096 1092 1136; x_wconf 88' lang='lat' dir='ltr'>quam</span> <span class='ocrx_word' id='word_1_6' title='bbox 1125 1084 1305 1138; x_wconf 88' lang='lat' dir='ltr'>saepius</span> <span class='ocrx_word' id='word_1_7' title='bbox 1333 1085 1437 1134; x_wconf 91' lang='lat' dir='ltr'>iam,</span> <span class='ocrx_word' id='word_1_8' title='bbox 1472 1090 1521 1126; x_wconf 92' lang='lat' dir='ltr'>ut</span> <span class='ocrx_word' id='word_1_9' title='bbox 1549 1099 1630 1140; x_wconf 90' lang='lat' dir='ltr'>par</span> <span class='ocrx_word' id='word_1_10' title='bbox 1658 1091 1768 1135; x_wconf 87' lang='lat' dir='ltr'>erat,</span> 
     </span>
     <span class='ocr_line' id='line_1_3' title="bbox 161 1142 1769 1220; baseline 0.003 -17"><span class='ocrx_word' id='word_1_11' title='bbox 161 1160 358 1211; x_wconf 87' lang='lat' dir='ltr'>laudavi,</span> <span class='ocrx_word' id='word_1_12' title='bbox 391 1175 418 1203; x_wconf 90' lang='lat' dir='ltr'>a</span> <span class='ocrx_word' id='word_1_13' title='bbox 445 1162 756 1217; x_wconf 87' lang='lat' dir='ltr'>disputatione</span> <span class='ocrx_word' id='word_1_14' title='bbox 785 1163 843 1203; x_wconf 92' lang='lat' dir='ltr'>de</span> <span class='ocrx_word' id='word_1_15' title='bbox 871 1142 1105 1205; x_wconf 84' lang='lat' dir='ltr'>codicibus</span> <span class='ocrx_word' id='word_1_16' title='bbox 1133 1164 1280 1206; x_wconf 81' lang='lat' dir='ltr'>Taciti</span> <span class='ocrx_word' id='word_1_17' title='bbox 1308 1165 1480 1220; x_wconf 86' lang='lat' dir='ltr'>incipit.</span> <span class='ocrx_word' id='word_1_18' title='bbox 1509 1166 1632 1207; x_wconf 90' lang='lat' dir='ltr'>Illius</span> <span class='ocrx_word' id='word_1_19' title='bbox 1661 1180 1769 1220; x_wconf 91' lang='lat' dir='ltr'>ergo</span> 
     </span>
     <span class='ocr_line' id='line_1_4' title="bbox 161 1241 1769 1300; baseline 0.003 -17"><span class='ocrx_word' id='word_1_20' title='bbox 161 1241 424 1296; x_wconf 84' lang='lat' dir='ltr'>exemplum</span> <span class='ocrx_word' id='word_1_21' title='bbox 468 1255 540 1283; x_wconf 89' lang='lat' dir='ltr'>me</span> <span class='ocrx_word' id='word_1_22' title='bbox 581 1242 800 1283; x_wconf 86' lang='lat' dir='ltr'>admonet</span> <span class='ocrx_word' id='word_1_23' title='bbox 844 1248 893 1284; x_wconf 92' lang='lat' dir='ltr'>ut</span> <span class='ocrx_word' id='word_1_24' title='bbox 937 1249 982 1284; x_wconf 92' lang='lat' dir='ltr'>et</span> <span class='ocrx_word' id='word_1_25' title='bbox 1025 1245 1121 1298; x_wconf 89' lang='lat' dir='ltr'>ipse</span> <span class='ocrx_word' id='word_1_26' title='bbox 1164 1258 1309 1299; x_wconf 89' lang='lat' dir='ltr'>pauca</span> <span class='ocrx_word' id='word_1_27' title='bbox 1341 1247 1567 1300; x_wconf 83' lang='lat' dir='ltr'>quaedam</span> <span class='ocrx_word' id='word_1_28' title='bbox 1602 1247 1659 1287; x_wconf 91' lang='lat' dir='ltr'>de</span> <span class='ocrx_word' id='word_1_29' title='bbox 1692 1246 1769 1288; x_wconf 90' lang='lat' dir='ltr'>illo</span> 
     </span>
     <span class='ocr_line' id='line_1_5' title="bbox 160 1323 1769 1382; baseline 0.003 -18"><span class='ocrx_word' id='word_1_30' title='bbox 160 1328 430 1378; x_wconf 84' lang='lat' dir='ltr'>argumento</span> <span class='ocrx_word' id='word_1_31' title='bbox 478 1323 523 1364; x_wconf 90' lang='lat' dir='ltr'>in</span> <span class='ocrx_word' id='word_1_32' title='bbox 573 1324 773 1364; x_wconf 89' lang='lat' dir='ltr'>medium</span> <span class='ocrx_word' id='word_1_33' title='bbox 823 1324 1064 1378; x_wconf 88' lang='lat' dir='ltr'>proferam,</span> <span class='ocrx_word' id='word_1_34' title='bbox 1113 1339 1222 1375; x_wconf 90' lang='lat' dir='ltr'>rem,</span> <span class='ocrx_word' id='word_1_35' title='bbox 1273 1340 1409 1380; x_wconf 87' lang='lat' dir='ltr'>quam</span> <span class='ocrx_word' id='word_1_36' title='bbox 1453 1341 1539 1381; x_wconf 88' lang='lat' dir='ltr'>ego</span> <span class='ocrx_word' id='word_1_37' title='bbox 1582 1333 1769 1382; x_wconf 86' lang='lat' dir='ltr'>tangam</span> 
     </span>
     <span class='ocr_line' id='line_1_6' title="bbox 161 1403 1558 1453; baseline 0.004 -9"><span class='ocrx_word' id='word_1_38' title='bbox 161 1404 498 1453; x_wconf 83' lang='lat' dir='ltr'>tantummodo,</span> <span class='ocrx_word' id='word_1_39' title='bbox 532 1403 628 1444; x_wconf 84' lang='lat' dir='ltr'>aliis</span> <span class='ocrx_word' id='word_1_40' title='bbox 661 1405 914 1446; x_wconf 82' lang='lat' dir='ltr'>accuratius</span> <span class='ocrx_word' id='word_1_41' title='bbox 947 1405 1275 1448; x_wconf 84' lang='lat' dir='ltr'>enucleandam</span> <span class='ocrx_word' id='word_1_42' title='bbox 1311 1408 1558 1449; x_wconf 88' lang='lat' dir='ltr'>relicturus.</span> 
     </span>
    </p>

    <p class='ocr_par' dir='ltr' id='par_1_3' title="bbox 164 1482 1770 1700">
     <span class='ocr_line' id='line_1_7' title="bbox 224 1482 1770 1545; baseline 0.004 -20"><span class='ocrx_word' id='word_1_43' title='bbox 224 1482 418 1545; x_wconf 85' lang='lat' dir='ltr'>Codices</span> <span class='ocrx_word' id='word_1_44' title='bbox 464 1496 573 1537; x_wconf 87' lang='lat' dir='ltr'>ergo</span> <span class='ocrx_word' id='word_1_45' title='bbox 621 1483 695 1533; x_wconf 92' lang='lat' dir='ltr'>illi,</span> <span class='ocrx_word' id='word_1_46' title='bbox 746 1485 822 1539; x_wconf 91' lang='lat' dir='ltr'>qui</span> <span class='ocrx_word' id='word_1_47' title='bbox 866 1485 911 1526; x_wconf 90' lang='lat' dir='ltr'>in</span> <span class='ocrx_word' id='word_1_48' title='bbox 955 1486 1158 1527; x_wconf 87' lang='lat' dir='ltr'>editione</span> <span class='ocrx_word' id='word_1_49' title='bbox 1202 1487 1544 1542; x_wconf 88' lang='lat' dir='ltr'>Nipperdeiana</span> <span class='ocrx_word' id='word_1_50' title='bbox 1587 1489 1770 1530; x_wconf 88' lang='lat' dir='ltr'>alterius</span> 
     </span>
     <span class='ocr_line' id='line_1_8' title="bbox 165 1562 1770 1623; baseline 0.004 -19"><span class='ocrx_word' id='word_1_51' title='bbox 165 1562 413 1605; x_wconf 87' lang='lat' dir='ltr'>Annalium</span> <span class='ocrx_word' id='word_1_52' title='bbox 462 1564 604 1619; x_wconf 87' lang='lat' dir='ltr'>partis</span> <span class='ocrx_word' id='word_1_53' title='bbox 651 1569 697 1605; x_wconf 89' lang='lat' dir='ltr'>et</span> <span class='ocrx_word' id='word_1_54' title='bbox 746 1564 1048 1606; x_wconf 85' lang='lat' dir='ltr'>Historiarum</span> <span class='ocrx_word' id='word_1_55' title='bbox 1092 1566 1223 1608; x_wconf 90' lang='lat' dir='ltr'>litera</span> <span class='ocrx_word' id='word_1_56' title='bbox 1266 1568 1278 1607; x_wconf 92' lang='lat' dir='ltr'>i</span> <span class='ocrx_word' id='word_1_57' title='bbox 1321 1568 1644 1622; x_wconf 86' lang='lat' dir='ltr'>significantur,</span> <span class='ocrx_word' id='word_1_58' title='bbox 1689 1583 1770 1623; x_wconf 88' lang='lat' dir='ltr'>per</span> 
     </span>
     <span class='ocr_line' id='line_1_9' title="bbox 164 1643 1770 1700; baseline 0.004 -15"><span class='ocrx_word' id='word_1_59' title='bbox 164 1658 212 1686; x_wconf 89' lang='lat' dir='ltr'>se</span> <span class='ocrx_word' id='word_1_60' title='bbox 255 1643 418 1686; x_wconf 89' lang='lat' dir='ltr'>nullius</span> <span class='ocrx_word' id='word_1_61' title='bbox 459 1650 564 1686; x_wconf 89' lang='lat' dir='ltr'>sunt</span> <span class='ocrx_word' id='word_1_62' title='bbox 606 1645 754 1699; x_wconf 91' lang='lat' dir='ltr'>pretii,</span> <span class='ocrx_word' id='word_1_63' title='bbox 797 1646 880 1687; x_wconf 86' lang='lat' dir='ltr'>nisi</span> <span class='ocrx_word' id='word_1_64' title='bbox 918 1647 969 1700; x_wconf 53' lang='lat' dir='ltr'>vin</span> <span class='ocrx_word' id='word_1_65' title='bbox 1012 1647 1065 1687; x_wconf 90' lang='lat' dir='ltr'>iis</span> <span class='ocrx_word' id='word_1_66' title='bbox 1107 1646 1218 1688; x_wconf 90' lang='lat' dir='ltr'>locis</span> <span class='ocrx_word' id='word_1_67' title='bbox 1261 1647 1337 1689; x_wconf 94' lang='lat' dir='ltr'>ubi</span> <span class='ocrx_word' id='word_1_68' title='bbox 1384 1648 1617 1690; x_wconf 92' lang='lat' dir='ltr'>Mediceus</span> <span class='ocrx_word' id='word_1_69' title='bbox 1656 1649 1770 1691; x_wconf 89' lang='lat' dir='ltr'>alter</span> 
     </span>
    </p>
   </div>
   <div class='ocr_carea' id='block_1_3' title="bbox 10 1715 1769 1787">
    <p class='ocr_par' dir='ltr' id='par_1_4' title="bbox 10 1715 1769 1787">
     <span class='ocr_line' id='line_1_10' title="bbox 10 1715 1769 1787; baseline 0.003 -21"><span class='ocrx_word' id='word_1_70' title='bbox 10 1738 58 1777; x_wconf 69' lang='grc' dir='ltr'>’ </span> <span class='ocrx_word' id='word_1_71' title='bbox 162 1724 404 1767; x_wconf 88' lang='lat' dir='ltr'>lacunosus</span> <span class='ocrx_word' id='word_1_72' title='bbox 445 1730 527 1775; x_wconf 90' lang='lat' dir='ltr'>est,</span> <span class='ocrx_word' id='word_1_73' title='bbox 569 1731 732 1780; x_wconf 86' lang='lat' dir='ltr'>utpote</span> <span class='ocrx_word' id='word_1_74' title='bbox 775 1726 852 1780; x_wconf 92' lang='lat' dir='ltr'>qui</span> <span class='ocrx_word' id='word_1_75' title='bbox 898 1726 968 1787; x_wconf 87' lang='lat' dir='ltr'>vel</span> <span class='ocrx_word' id='word_1_76' title='bbox 1012 1715 1070 1768; x_wconf 59' lang='lat' dir='ltr'>ei&lt;</span> <span class='ocrx_word' id='word_1_77' title='bbox 1113 1728 1212 1782; x_wconf 90' lang='lat' dir='ltr'>ipso</span> <span class='ocrx_word' id='word_1_78' title='bbox 1256 1728 1482 1778; x_wconf 88' lang='lat' dir='ltr'>Mediceo,</span> <span class='ocrx_word' id='word_1_79' title='bbox 1526 1729 1611 1779; x_wconf 93' lang='lat' dir='ltr'>vel,</span> <span class='ocrx_word' id='word_1_80' title='bbox 1646 1731 1769 1784; x_wconf 89' lang='lat' dir='ltr'>quod</span> 
     </span>
    </p>
   </div>
   <div class='ocr_carea' id='block_1_4' title="bbox 0 0 97 3412">
    <p class='ocr_par' dir='ltr' id='par_1_5' title="bbox 0 0 97 3412">
     <span class='ocr_line' id='line_1_11' title="bbox 0 0 97 3412; baseline 0 0"><span class='ocrx_word' id='word_1_81' title='bbox 0 0 97 3412; x_wconf 95' lang='lat' dir='ltr'> </span> 
     </span>
    </p>
   </div>
   <div class='ocr_carea' id='block_1_5' title="bbox 162 1805 1770 2986">
    <p class='ocr_par' dir='ltr' id='par_1_6' title="bbox 162 1805 1769 2410">
     <span class='ocr_line' id='line_1_12' title="bbox 164 1805 1769 1864; baseline 0.002 -17"><span class='ocrx_word' id='word_1_82' title='bbox 164 1805 470 1861; x_wconf 90' lang='lat' dir='ltr'>Nipperdeius</span> <span class='ocrx_word' id='word_1_83' title='bbox 496 1806 669 1856; x_wconf 84' lang='lat' dir='ltr'>statuit,</span> <span class='ocrx_word' id='word_1_84' title='bbox 699 1820 757 1848; x_wconf 82' lang='lat' dir='ltr'>ex</span> <span class='ocrx_word' id='word_1_85' title='bbox 785 1807 1052 1862; x_wconf 88' lang='lat' dir='ltr'>apographo</span> <span class='ocrx_word' id='word_1_86' title='bbox 1080 1809 1280 1862; x_wconf 88' lang='lat' dir='ltr'>quodam</span> <span class='ocrx_word' id='word_1_87' title='bbox 1310 1810 1404 1850; x_wconf 89' lang='lat' dir='ltr'>eius</span> <span class='ocrx_word' id='word_1_88' title='bbox 1432 1810 1521 1850; x_wconf 87' lang='lat' dir='ltr'>sint</span> <span class='ocrx_word' id='word_1_89' title='bbox 1539 1810 1769 1864; x_wconf 89' lang='lat' dir='ltr'>descripti.</span> 
     </span>
     <span class='ocr_line' id='line_1_13' title="bbox 165 1884 1769 1944; baseline 0.003 -17"><span class='ocrx_word' id='word_1_90' title='bbox 165 1884 366 1928; x_wconf 90' lang='lat' dir='ltr'>Omnino</span> <span class='ocrx_word' id='word_1_91' title='bbox 406 1887 688 1928; x_wconf 89' lang='lat' dir='ltr'>verissimum</span> <span class='ocrx_word' id='word_1_92' title='bbox 723 1887 832 1929; x_wconf 90' lang='lat' dir='ltr'>illud</span> <span class='ocrx_word' id='word_1_93' title='bbox 866 1893 947 1937; x_wconf 87' lang='lat' dir='ltr'>est,</span> <span class='ocrx_word' id='word_1_94' title='bbox 982 1893 1028 1928; x_wconf 92' lang='lat' dir='ltr'>et</span> <span class='ocrx_word' id='word_1_95' title='bbox 1061 1893 1214 1930; x_wconf 87' lang='lat' dir='ltr'>tamen</span> <span class='ocrx_word' id='word_1_96' title='bbox 1249 1903 1305 1930; x_wconf 90' lang='lat' dir='ltr'>ne</span> <span class='ocrx_word' id='word_1_97' title='bbox 1338 1889 1411 1931; x_wconf 92' lang='lat' dir='ltr'>hic</span> <span class='ocrx_word' id='word_1_98' title='bbox 1443 1891 1629 1943; x_wconf 90' lang='lat' dir='ltr'>quidem</span> <span class='ocrx_word' id='word_1_99' title='bbox 1668 1892 1769 1944; x_wconf 87' lang='lat' dir='ltr'>„de-</span> 
     </span>
     <span class='ocr_line' id='line_1_14' title="bbox 164 1965 1769 2023; baseline 0.003 -16"><span class='ocrx_word' id='word_1_100' title='bbox 164 1965 382 2008; x_wconf 88' lang='lat' dir='ltr'>teriores”</span> <span class='ocrx_word' id='word_1_101' title='bbox 421 1966 482 2020; x_wconf 68' lang='lat' dir='ltr'>illi</span> <span class='ocrx_word' id='word_1_102' title='bbox 516 1967 699 2021; x_wconf 90' lang='lat' dir='ltr'>impune</span> <span class='ocrx_word' id='word_1_103' title='bbox 733 1968 867 2009; x_wconf 89' lang='lat' dir='ltr'>abiici</span> <span class='ocrx_word' id='word_1_104' title='bbox 902 1969 1089 2022; x_wconf 89' lang='lat' dir='ltr'>possint,</span> <span class='ocrx_word' id='word_1_105' title='bbox 1126 1974 1287 2023; x_wconf 89' lang='lat' dir='ltr'>utpote</span> <span class='ocrx_word' id='word_1_106' title='bbox 1321 1971 1397 2023; x_wconf 92' lang='lat' dir='ltr'>qui</span> <span class='ocrx_word' id='word_1_107' title='bbox 1431 1970 1659 2012; x_wconf 90' lang='lat' dir='ltr'>interdum</span> <span class='ocrx_word' id='word_1_108' title='bbox 1693 1971 1769 2012; x_wconf 88' lang='lat' dir='ltr'>ali-</span> 
     </span>
     <span class='ocr_line' id='line_1_15' title="bbox 164 2047 1768 2104; baseline 0.003 -17"><span class='ocrx_word' id='word_1_109' title='bbox 164 2047 274 2102; x_wconf 93' lang='lat' dir='ltr'>quid</span> <span class='ocrx_word' id='word_1_110' title='bbox 302 2053 485 2088; x_wconf 90' lang='lat' dir='ltr'>servent</span> <span class='ocrx_word' id='word_1_111' title='bbox 513 2049 636 2102; x_wconf 93' lang='lat' dir='ltr'>quod</span> <span class='ocrx_word' id='word_1_112' title='bbox 667 2048 798 2089; x_wconf 90' lang='lat' dir='ltr'>unice</span> <span class='ocrx_word' id='word_1_113' title='bbox 827 2062 983 2089; x_wconf 91' lang='lat' dir='ltr'>verum</span> <span class='ocrx_word' id='word_1_114' title='bbox 1012 2049 1081 2098; x_wconf 89' lang='lat' dir='ltr'>sit,</span> <span class='ocrx_word' id='word_1_115' title='bbox 1111 2063 1214 2090; x_wconf 92' lang='lat' dir='ltr'>cum</span> <span class='ocrx_word' id='word_1_116' title='bbox 1240 2050 1336 2104; x_wconf 88' lang='lat' dir='ltr'>ipse</span> <span class='ocrx_word' id='word_1_117' title='bbox 1357 2050 1589 2091; x_wconf 90' lang='lat' dir='ltr'>Mediceus</span> <span class='ocrx_word' id='word_1_118' title='bbox 1607 2052 1768 2093; x_wconf 92' lang='lat' dir='ltr'>vitium</span> 
     </span>
     <span class='ocr_line' id='line_1_16' title="bbox 164 2127 1768 2183; baseline 0.002 -14"><span class='ocrx_word' id='word_1_119' title='bbox 164 2128 227 2170; x_wconf 94' lang='lat' dir='ltr'>ibi</span> <span class='ocrx_word' id='word_1_120' title='bbox 266 2127 496 2177; x_wconf 87' lang='lat' dir='ltr'>exhibeat,</span> <span class='ocrx_word' id='word_1_121' title='bbox 530 2134 607 2169; x_wconf 89' lang='lat' dir='ltr'>aut</span> <span class='ocrx_word' id='word_1_122' title='bbox 641 2129 810 2182; x_wconf 86' lang='lat' dir='ltr'>aliquid</span> <span class='ocrx_word' id='word_1_123' title='bbox 846 2129 1067 2172; x_wconf 90' lang='lat' dir='ltr'>eiusmodi</span> <span class='ocrx_word' id='word_1_124' title='bbox 1102 2131 1240 2183; x_wconf 91' lang='lat' dir='ltr'>quod,</span> <span class='ocrx_word' id='word_1_125' title='bbox 1276 2130 1452 2171; x_wconf 90' lang='lat' dir='ltr'>etiamsi</span> <span class='ocrx_word' id='word_1_126' title='bbox 1486 2145 1643 2172; x_wconf 89' lang='lat' dir='ltr'>verum</span> <span class='ocrx_word' id='word_1_127' title='bbox 1677 2146 1768 2173; x_wconf 93' lang='lat' dir='ltr'>non</span> 
     </span>
     <span class='ocr_line' id='line_1_17' title="bbox 162 2208 1768 2266; baseline 0.002 -17"><span class='ocrx_word' id='word_1_128' title='bbox 162 2208 234 2257; x_wconf 86' lang='lat' dir='ltr'>sit,</span> <span class='ocrx_word' id='word_1_129' title='bbox 271 2213 426 2249; x_wconf 88' lang='lat' dir='ltr'>tamen</span> <span class='ocrx_word' id='word_1_130' title='bbox 460 2222 518 2249; x_wconf 87' lang='lat' dir='ltr'>ex</span> <span class='ocrx_word' id='word_1_131' title='bbox 550 2209 650 2262; x_wconf 89' lang='lat' dir='ltr'>ipso</span> <span class='ocrx_word' id='word_1_132' title='bbox 685 2209 896 2250; x_wconf 90' lang='lat' dir='ltr'>Mediceo</span> <span class='ocrx_word' id='word_1_133' title='bbox 929 2210 1082 2250; x_wconf 89' lang='lat' dir='ltr'>eiusve</span> <span class='ocrx_word' id='word_1_134' title='bbox 1115 2210 1382 2264; x_wconf 84' lang='lat' dir='ltr'>apographo</span> <span class='ocrx_word' id='word_1_135' title='bbox 1415 2212 1530 2252; x_wconf 91' lang='lat' dir='ltr'>sumi</span> <span class='ocrx_word' id='word_1_136' title='bbox 1564 2225 1655 2252; x_wconf 93' lang='lat' dir='ltr'>non</span> <span class='ocrx_word' id='word_1_137' title='bbox 1689 2226 1768 2266; x_wconf 91' lang='lat' dir='ltr'>po-</span> 
     </span>
     <span class='ocr_line' id='line_1_18' title="bbox 163 2288 1768 2343; baseline 0.002 -14"><span class='ocrx_word' id='word_1_138' title='bbox 163 2288 314 2329; x_wconf 84' lang='lat' dir='ltr'>tuerit.</span> <span class='ocrx_word' id='word_1_139' title='bbox 348 2288 554 2330; x_wconf 89' lang='lat' dir='ltr'>Breviter</span> <span class='ocrx_word' id='word_1_140' title='bbox 584 2288 709 2330; x_wconf 89' lang='lat' dir='ltr'>locos</span> <span class='ocrx_word' id='word_1_141' title='bbox 742 2289 969 2338; x_wconf 88' lang='lat' dir='ltr'>indicabo,</span> <span class='ocrx_word' id='word_1_142' title='bbox 998 2290 1075 2343; x_wconf 92' lang='lat' dir='ltr'>qui</span> <span class='ocrx_word' id='word_1_143' title='bbox 1105 2289 1213 2330; x_wconf 90' lang='lat' dir='ltr'>mihi</span> <span class='ocrx_word' id='word_1_144' title='bbox 1243 2289 1329 2330; x_wconf 92' lang='lat' dir='ltr'>hoc</span> <span class='ocrx_word' id='word_1_145' title='bbox 1359 2291 1542 2331; x_wconf 90' lang='lat' dir='ltr'>nomine</span> <span class='ocrx_word' id='word_1_146' title='bbox 1570 2292 1768 2334; x_wconf 87' lang='lat' dir='ltr'>maxime</span> 
     </span>
     <span class='ocr_line' id='line_1_19' title="bbox 165 2368 667 2410; baseline 0 0"><span class='ocrx_word' id='word_1_147' title='bbox 165 2368 391 2410; x_wconf 87' lang='lat' dir='ltr'>notabiles</span> <span class='ocrx_word' id='word_1_148' title='bbox 423 2369 507 2410; x_wconf 88' lang='lat' dir='ltr'>visi</span> <span class='ocrx_word' id='word_1_149' title='bbox 539 2374 667 2410; x_wconf 92' lang='lat' dir='ltr'>sunt:</span> 
     </span>
    </p>

    <p class='ocr_par' dir='ltr' id='par_1_7' title="bbox 163 2449 1770 2903">
     <span class='ocr_line' id='line_1_20' title="bbox 226 2449 1768 2506; baseline 0.002 -16"><span class='ocrx_word' id='word_1_150' title='bbox 226 2449 348 2491; x_wconf 89' lang='lat' dir='ltr'>Ann.</span> <span class='ocrx_word' id='word_1_151' title='bbox 393 2449 477 2506; x_wconf 85' lang='lat' dir='ltr'>XI,</span> <span class='ocrx_word' id='word_1_152' title='bbox 527 2461 591 2502; x_wconf 89' lang='lat'>14.</span> <span class='ocrx_word' id='word_1_153' title='bbox 636 2449 850 2491; x_wconf 86' lang='lat' dir='ltr'>Claudius</span> <span class='ocrx_word' id='word_1_154' title='bbox 892 2455 984 2490; x_wconf 90' lang='lat' dir='ltr'>tres</span> <span class='ocrx_word' id='word_1_155' title='bbox 1026 2449 1201 2490; x_wconf 86' lang='lat' dir='ltr'>litteras</span> <span class='ocrx_word' id='word_1_156' title='bbox 1242 2450 1423 2500; x_wconf 90' lang='lat' dir='ltr'>adiecit,</span> <span class='ocrx_word' id='word_1_157' title='bbox 1458 2465 1575 2504; x_wconf 90' lang='lat' dir='ltr'>quae</span> <span class='ocrx_word' id='word_1_158' title='bbox 1609 2452 1653 2493; x_wconf 92' lang='lat' dir='ltr'>in</span> <span class='ocrx_word' id='word_1_159' title='bbox 1687 2466 1768 2494; x_wconf 90' lang='lat' dir='ltr'>usu</span> 
     </span>
     <span class='ocr_line' id='line_1_21' title="bbox 164 2519 1768 2585; baseline 0.002 -14"><span class='ocrx_word' id='word_1_160' title='bbox 164 2530 455 2585; x_wconf 90' lang='lat' dir='ltr'>imperitante</span> <span class='ocrx_word' id='word_1_161' title='bbox 499 2544 567 2579; x_wconf 89' lang='lat' dir='ltr'>eo,</span> <span class='ocrx_word' id='word_1_162' title='bbox 612 2535 716 2584; x_wconf 89' lang='lat' dir='ltr'>post</span> <span class='ocrx_word' id='word_1_163' title='bbox 750 2519 1055 2578; x_wconf 85' lang='lat' dir='ltr'>oblitteratae,</span> <span class='ocrx_word' id='word_1_164' title='bbox 1088 2530 1368 2583; x_wconf 89' lang='lat' dir='ltr'>aspiciuntur</span> <span class='ocrx_word' id='word_1_165' title='bbox 1401 2531 1539 2572; x_wconf 89' lang='lat' dir='ltr'>etiam</span> <span class='ocrx_word' id='word_1_166' title='bbox 1572 2545 1691 2573; x_wconf 92' lang='lat' dir='ltr'>nunc</span> <span class='ocrx_word' id='word_1_167' title='bbox 1724 2533 1768 2574; x_wconf 93' lang='lat' dir='ltr'>in</span> 
     </span>
     <span class='ocr_line' id='line_1_22' title="bbox 163 2609 1770 2666; baseline 0.001 -14"><span class='ocrx_word' id='word_1_168' title='bbox 163 2624 267 2652; x_wconf 87' lang='lat' dir='ltr'>aere</span> <span class='ocrx_word' id='word_1_169' title='bbox 301 2611 476 2666; x_wconf 85' lang='lat' dir='ltr'>publico</span> <span class='ocrx_word' id='word_1_170' title='bbox 518 2612 588 2653; x_wconf 90' lang='lat' dir='ltr'>dis</span> <span class='ocrx_word' id='word_1_171' title='bbox 616 2611 860 2666; x_wconf 78' lang='lat' dir='ltr'>plebiscitis</span> <span class='ocrx_word' id='word_1_172' title='bbox 893 2624 972 2664; x_wconf 92' lang='lat' dir='ltr'>per</span> <span class='ocrx_word' id='word_1_173' title='bbox 1006 2609 1103 2650; x_wconf 81' lang='lat' dir='ltr'>fora</span> <span class='ocrx_word' id='word_1_174' title='bbox 1135 2623 1187 2650; x_wconf 88' lang='lat' dir='ltr'>ac</span> <span class='ocrx_word' id='word_1_175' title='bbox 1220 2610 1394 2664; x_wconf 88' lang='lat' dir='ltr'>templa</span> <span class='ocrx_word' id='word_1_176' title='bbox 1426 2611 1532 2652; x_wconf 87' lang='lat' dir='ltr'>fixo.</span> <span class='ocrx_word' id='word_1_177' title='bbox 1567 2611 1640 2654; x_wconf 89' lang='lat' dir='ltr'>Sic</span> <span class='ocrx_word' id='word_1_178' title='bbox 1674 2613 1770 2653; x_wconf 91' lang='lat' dir='ltr'>Me-</span> 
     </span>
     <span class='ocr_line' id='line_1_23' title="bbox 164 2689 1770 2745; baseline 0.001 -13"><span class='ocrx_word' id='word_1_179' title='bbox 164 2691 318 2732; x_wconf 92' lang='lat' dir='ltr'>diceus</span> <span class='ocrx_word' id='word_1_180' title='bbox 331 2709 340 2742; x_wconf 82' lang='lat'><em>3</em></span> <span class='ocrx_word' id='word_1_181' title='bbox 384 2691 521 2733; x_wconf 90' lang='lat' dir='ltr'>lectio</span> <span class='ocrx_word' id='word_1_182' title='bbox 565 2692 600 2732; x_wconf 90' lang='lat' dir='ltr'>i:</span> <span class='ocrx_word' id='word_1_183' title='bbox 638 2690 920 2745; x_wconf 79' lang='lat' dir='ltr'>publicandis</span> <span class='ocrx_word' id='word_1_184' title='bbox 954 2689 1208 2743; x_wconf 73' lang='lat' dir='ltr'>plebiscitis.</span> <span class='ocrx_word' id='word_1_185' title='bbox 1255 2690 1453 2745; x_wconf 87' lang='lat' dir='ltr'>Intelligi</span> <span class='ocrx_word' id='word_1_186' title='bbox 1496 2697 1619 2732; x_wconf 90' lang='lat' dir='ltr'>certe</span> <span class='ocrx_word' id='word_1_187' title='bbox 1657 2691 1770 2733; x_wconf 89' lang='lat' dir='ltr'>haec</span> 
     </span>
     <span class='ocr_line' id='line_1_24' title="bbox 163 2768 1770 2826; baseline 0.001 -14"><span class='ocrx_word' id='word_1_188' title='bbox 163 2777 329 2826; x_wconf 89' lang='lat' dir='ltr'>potest,</span> <span class='ocrx_word' id='word_1_189' title='bbox 375 2785 433 2812; x_wconf 86' lang='lat' dir='ltr'>ex</span> <span class='ocrx_word' id='word_1_190' title='bbox 477 2771 687 2812; x_wconf 89' lang='lat' dir='ltr'>Mediceo</span> <span class='ocrx_word' id='word_1_191' title='bbox 731 2769 818 2824; x_wconf 92' lang='lat' dir='ltr'>(vel</span> <span class='ocrx_word' id='word_1_192' title='bbox 862 2770 956 2809; x_wconf 87' lang='lat' dir='ltr'>eius</span> <span class='ocrx_word' id='word_1_193' title='bbox 996 2768 1277 2823; x_wconf 87' lang='lat' dir='ltr'>apographo)</span> <span class='ocrx_word' id='word_1_194' title='bbox 1313 2771 1435 2811; x_wconf 87' lang='lat' dir='ltr'>nasci</span> <span class='ocrx_word' id='word_1_195' title='bbox 1469 2785 1559 2812; x_wconf 92' lang='lat' dir='ltr'>non</span> <span class='ocrx_word' id='word_1_196' title='bbox 1593 2772 1770 2826; x_wconf 92' lang='lat' dir='ltr'>potuit:</span> 
     </span>
     <span class='ocr_line' id='line_1_25' title="bbox 165 2849 1640 2903; baseline -0.001 -9"><span class='ocrx_word' id='word_1_197' title='bbox 165 2853 429 2894; x_wconf 90' lang='lat' dir='ltr'>coniectura</span> <span class='ocrx_word' id='word_1_198' title='bbox 463 2857 532 2893; x_wconf 90' lang='lat' dir='ltr'>est</span> <span class='ocrx_word' id='word_1_199' title='bbox 566 2851 762 2892; x_wconf 90' lang='lat' dir='ltr'>hominis</span> <span class='ocrx_word' id='word_1_200' title='bbox 794 2849 1044 2903; x_wconf 84' lang='lat' dir='ltr'>exemplari</span> <span class='ocrx_word' id='word_1_201' title='bbox 1077 2862 1157 2890; x_wconf 89' lang='lat' dir='ltr'>suo</span> <span class='ocrx_word' id='word_1_202' title='bbox 1192 2863 1282 2891; x_wconf 93' lang='lat' dir='ltr'>non</span> <span class='ocrx_word' id='word_1_203' title='bbox 1318 2851 1449 2892; x_wconf 91' lang='lat' dir='ltr'>unice</span> <span class='ocrx_word' id='word_1_204' title='bbox 1482 2852 1640 2893; x_wconf 90' lang='lat' dir='ltr'>dediti.</span> 
     </span>
    </p>

    <p class='ocr_par' dir='ltr' id='par_1_8' title="bbox 225 2930 1770 2986">
     <span class='ocr_line' id='line_1_26' title="bbox 225 2930 1770 2986; baseline -0.001 -12"><span class='ocrx_word' id='word_1_205' title='bbox 225 2932 347 2974; x_wconf 89' lang='lat' dir='ltr'>Ann.</span> <span class='ocrx_word' id='word_1_206' title='bbox 392 2932 471 2981; x_wconf 93' lang='lat' dir='ltr'>XI,</span> <span class='ocrx_word' id='word_1_207' title='bbox 522 2932 585 2973; x_wconf 88' lang='lat'>16.</span> <span class='ocrx_word' id='word_1_208' title='bbox 621 2931 951 2973; x_wconf 88' lang='lat' dir='ltr'>Cheruscorum</span> <span class='ocrx_word' id='word_1_209' title='bbox 985 2942 1096 2982; x_wconf 87' lang='lat' dir='ltr'>gens</span> <span class='ocrx_word' id='word_1_210' title='bbox 1130 2942 1284 2982; x_wconf 88' lang='lat' dir='ltr'>regern</span> <span class='ocrx_word' id='word_1_211' title='bbox 1319 2930 1466 2972; x_wconf 89' lang='lat' dir='ltr'>Roma</span> <span class='ocrx_word' id='word_1_212' title='bbox 1499 2931 1663 2986; x_wconf 90' lang='lat' dir='ltr'>petivit</span> <span class='ocrx_word' id='word_1_213' title='bbox 1698 2964 1707 2972; x_wconf 90' lang='lat'><strong>.</strong></span> <span class='ocrx_word' id='word_1_214' title='bbox 1729 2964 1739 2972; x_wconf 90' lang='lat'><strong>.</strong></span> <span class='ocrx_word' id='word_1_215' title='bbox 1761 2964 1770 2972; x_wconf 91' lang='lat'>.</span> 
     </span>
    </p>
   </div>
  </div>
 </body>
</html>
