2040 3412
1101 289 1182 342 184

402 410 518 450 Dial.
565 422 632 463 39.
667 409 790 451 Satis
821 418 989 452 constat
1024 409 1255 460 Scaurum,
1290 410 1523 461 Milonem,
1558 412 1769 462 Bestiam,
1804 394 1935 462 Vati·-¹

342 489 465 530 nium
499 502 719 530 concursu
753 490 893 530 totius
926 490 1122 531 civitatis
1155 496 1201 531 et
1234 499 1458 533 accusatos
1491 497 1537 533 et
1568 492 1784 547 defensos.

403 568 539 609 Hisce
564 570 808 623 praeteriti
838 569 1084 610 infinitivus
1118 570 1490 612 coniunctivusve
1519 572 1691 626 pendet
1716 585 1743 613 a
1768 552 2006 632 consta-“J

341 647 416 689 bat
462 648 533 689 vel
581 650 784 698 constitit,
833 650 912 690 sed
961 663 1057 690 esse
1106 651 1308 691 omnium
1357 664 1456 692 eam
1505 652 1727 693 rationem
1769 657 1821 693 ut
1859 634 2014 709 illassjijs

340 733 564 770 structura
597 742 710 783 opus
743 730 799 770 sit
832 743 856 770 e
890 743 990 770 mea
1023 730 1078 771 ad
1112 729 1311 784 singulos
1343 732 1640 772 annotatione
1671 731 2022 791 ειρ];>ε;,ι·<τ1>ἱὶ;ε’ μ

402 807 460 849 A.
506 808 562 857 ΙΙ,
597 809 667 863 67.
704 809 1062 851 Rhoemetalcen
1094 834 1152 839 —-
1186 810 1385 864 paternis
1418 810 1614 852 consiliis
1645 811 1937 855 adversatum

341 888 576 930 constabat.
610 888 739 943 (Cum
774 889 830 930 de
864 903 1012 943 poena
1046 889 1399 947 Rhescuporidis
1431 891 1477 932 in
1509 876 1668 932 senatu
1701 889 2021 951 agebatur,

312 950 482 1008 'filium
515 969 609 1009 eius
640 968 827 1010 facinori
861 969 1090 1011 obstitisse
1124 970 1486 1012 demonstratum
1517 971 1616 1026 est.)

402 1047 459 1088 A.
496 1048 551 1097 II,
588 1059 657 1103 73.
692 1048 879 1102 Corpus,
912 1055 1159 1103 antequam
1191 1056 1477 1100 cremaretur,
1512 1051 1732 1092 nudatum
1763 1051 1809 1092 in
1836 1049 1950 1102 f0r03

342 1127 736 1177 Antiochensium,
771 1128 1093 1182 praetuleritne
1128 1129 1332 1171 veneficii
1366 1130 1492 1184 signa
1526 1143 1684 1184 parum
1716 1129 2016 1188 constitit-⁷5}

343 1207 408 1260 (Ii,
442 1207 519 1261 qui
552 1215 644 1249 tum
680 1207 967 1249 immaturam
1001 1207 1257 1250 Germanici
1290 1214 1484 1251 mortem
1517 1209 1761 1259 deflebant,
1797 1209 1855 1251 de
1882 1222 1937 1254 ea

343 1300 389 1327 re
424 1287 545 1328 varie
579 1287 854 1342 tradebant.)
1923 1333 1926 1335 Α

402 1366 461 1408 A.
505 1367 586 1417 ΙΙΙ,
633 1379 665 1408 1.
703 1367 863 1421 Neque
896 1368 1003 1408 satis
1036 1368 1271 1418 constabat,
1305 1368 1415 1422 quid
1447 1381 1530 1422 pro
1563 1374 1770 1423 tempore
1792 1370 1936 1425 foret.

343 1447 596 1501 (Homines,
626 1449 702 1502 qui
730 1448 774 1489 in
804 1448 934 1489 litore
965 1448 1220 1490 Germanici
1248 1448 1579 1503 exspectabant
1606 1448 1831 1504 reliquias,
1858 1442 1950 1493 du?

343 1529 552 1570 bitabant
593 1535 742 1570 utrum
781 1529 961 1571 silentio
996 1542 1052 1570 an
1087 1529 1270 1584 planctu
1305 1529 1569 1583 exciperent
1601 1511 2011 1585 Agrippinam.).{

402 1609 460 1650 A.
512 1609 615 1659 XII,
672 1620 735 1663 17.
784 1609 1009 1663 (Zorsines
1057 1623 1138 1650 rex
1180 1609 1398 1650 barbarus
1440 1623 1487 1650 se
1532 1609 1750 1650 Romanis
1792 1609 1938 1665 dedit)

343 1702 508 1742 magna
549 1688 692 1743 gloria
725 1689 951 1730 exercitus
984 1689 1192 1738 Romani,
1227 1702 1363 1743 quem
1396 1689 1681 1730 incruentum
1714 1693 1762 1730 et
1793 1689 1937 1733 victo·

342 1783 438 1810 rem
481 1770 617 1811 tridui
661 1770 820 1810 itinere
856 1771 1028 1824 afuisse
1060 1770 1119 1811 ab
1151 1784 1284 1811 amne
1317 1770 1460 1811 Tanai
1493 1770 1696 1812 constitit.
1739 1768 1844 1824 (Qui
1876 1769 1938 1816 ob

342 1849 466 1890 illum
514 1863 770 1890 successum
819 1851 1068 1891 exercitum
1114 1850 1372 1891 Romanum
1414 1850 1622 1892 laudibus
1664 1849 1939 1900 efferebant,

341 1937 635 1984 cognoverunt
674 1929 799 1970 illum
843 1930 1092 1971 exercitum
1135 1945 1181 1971 eo
1223 1938 1427 1984 tempore,
1472 1943 1554 1984 quo
1596 1930 1642 1972 in
1685 1929 1938 1972 seditionem
1959 1918 1963 1920 ἡ

341 2010 460 2051 venit
489 2009 709 2059 Zorsines,
743 2010 879 2052 tridui
913 2011 1072 2051 itinere
1105 2024 1131 2051 a
1164 2010 1307 2051 Tanai
1332 2010 1658 2065 progressum.)
1744 1995 1749 2000 ⁹
1978 1992 2008 2063 ¹,

402 2089 460 2129 A.
495 2089 599 2138 XII,
631 2101 703 2142 43.
738 2089 1009 2143 Quindecim
1039 2090 1214 2131 dierum
1241 2090 1456 2130 alimenta
1483 2089 1596 2139 urbi,
1624 2102 1716 2130 non
1744 2086 1939 2144 amplius
1958 2070 2011 2126 25„

340 2169 616 2223 superfuisse
641 2170 844 2211 constitit.
874 2168 1060 2223 (Sedato
1089 2175 1211 2210 metu
1240 2169 1408 2224 populi,
1429 2170 1505 2223 qui
1524 2169 1705 2210 iamiam
1722 2167 1936 2213 frumenti
1953 2161 2023 2230 ᾖξ’,

341 2248 543 2302 inopiam
570 2249 664 2290 fore
692 2235 968 2299 clamitabat,
998 2263 1100 2291 cum
1127 2251 1428 2304 inquireretur
1457 2250 1533 2303 qui
1561 2248 1716 2291 suisset
1744 2254 1935 2298 eortem-

342 2342 452 2382 pore
471 2343 619 2370 rerum
637 2335 794 2380 statuS‚
812 2331 1028 2385 apparuit
1044 2331 1228 2371 minime
1247 2344 1412 2371 vanum
1430 2329 1555 2371 illum
1573 2328 1946 2387 metumfuisse.)

400 2408 458 2449 A.
503 2409 631 2458 XIII,
681 2410 744 2450 16.
800 2409 1084 2464 Agrippinae
1126 2410 1162 2464 is
1204 2423 1346 2463 pavor
1388 2409 1595 2458 emicuit,
1641 2413 1690 2450 ut
1731 2396 2007 2467 lgnaram

333 2489 483 2542 fuisse
523 2513 581 2518 —-
623 2489 877 2530 constiterit.
922 2489 1200 2543 (Britannico
1245 2489 1499 2538 interfecto,
1538 2501 1640 2530 cum
1673 2487 1750 2542 qui
1781 2471 2009 2549 tstdfueai'‘J'ss³

342 2574 442 2608 rant
484 2569 716 2621 quomodo
755 2569 924 2609 factum
957 2568 1066 2610 illud
1099 2575 1218 2610 esset
1251 2574 1476 2622 rogarent,
1510 2567 1721 2609 omnibus
1745 2573 1983 2623 persua·

340 2661 436 2688 sum
470 2653 566 2688 erat
598 2647 903 2701 Agrippinam
935 2648 1138 2702 ignaram
1161 2649 1312 2702 fuisse
1342 2647 1553 2701 sceleris.)
1582 2678 1589 2683 2

401 2726 458 2766 A.
495 2726 620 2775 XIII,
659 2737 724 2779 35.
760 2726 878 2769 Satis
905 2728 1097 2768 constitit
1112 2728 1263 2781 fuisse
1289 2727 1334 2767 in
1363 2740 1418 2767 eo
1447 2726 1649 2767 exercitu
1677 2711 2000 2780 veteranosfjf-sf

342 2805 418 2857 qui
460 2818 550 2846 non
589 2806 844 2855 stationem,
887 2820 978 2847 non
1013 2806 1186 2860 vigilias
1219 2807 1420 2847 inissent.
1474 2805 1701 2860 (Corbulo,
1737 2818 1840 2847 cum
1873 2787 1999 2855 ad

342 2885 590 2924 exercitum
634 2886 844 2935 venisset,
888 2886 1179 2939 inquisitione
1221 2885 1377 2927 habita
1407 2885 1607 2940 cognovit
1637 2898 1663 2926 a
1695 2865 2014 2944 decessor-{gy

341 2977 421 3004 suo
454 2964 607 3004 omnia
636 2972 736 3005 acta
768 2978 943 3005 summa
977 2965 1281 3019 negligentia.)
