<?xml version="1.0" encoding="UTF-8"?>
<!DOCTYPE html PUBLIC "-//W3C//DTD XHTML 1.0 Transitional//EN"
    "http://www.w3.org/TR/xhtml1/DTD/xhtml1-transitional.dtd">
<html xmlns="http://www.w3.org/1999/xhtml" xml:lang="en" lang="en">
 <head>
  <title>
</title>
<meta http-equiv="Content-Type" content="text/html;charset=utf-8" />
  <meta name='ocr-system' content='tesseract 3.04.00' />
  <meta name='ocr-capabilities' content='ocr_page ocr_carea ocr_par ocr_line ocrx_word'/>
</head>
<body>
  <div class='ocr_page' id='page_1' title='image "analectatacitea00hartuoft_0299.png"; bbox 0 0 2040 3412; ppageno 0'>
   <div class='ocr_carea' id='block_1_1' title="bbox 0 0 66 1585">
    <p class='ocr_par' dir='ltr' id='par_1_1' title="bbox 0 0 66 1585">
     <span class='ocr_line' id='line_1_1' title="bbox 0 0 66 1585; baseline 0 0"><span class='ocrx_word' id='word_1_1' title='bbox 0 0 66 1585; x_wconf 95' lang='lat' dir='ltr'> </span> 
     </span>
    </p>
   </div>
   <div class='ocr_carea' id='block_1_2' title="bbox 879 302 958 346">
    <p class='ocr_par' dir='ltr' id='par_1_2' title="bbox 879 302 958 346">
     <span class='ocr_line' id='line_1_2' title="bbox 879 302 958 346; baseline 0.013 -14"><span class='ocrx_word' id='word_1_2' title='bbox 879 302 958 346; x_wconf 87' lang='lat'>291</span> 
     </span>
    </p>
   </div>
   <div class='ocr_carea' id='block_1_3' title="bbox 54 407 1724 3048">
    <p class='ocr_par' dir='ltr' id='par_1_3' title="bbox 54 407 1724 2240">
     <span class='ocr_line' id='line_1_3' title="bbox 118 407 1720 464; baseline 0.007 -15"><span class='ocrx_word' id='word_1_3' title='bbox 118 409 383 464; x_wconf 84' lang='lat' dir='ltr'>praesertim</span> <span class='ocrx_word' id='word_1_4' title='bbox 428 422 531 451; x_wconf 89' lang='lat' dir='ltr'>cum</span> <span class='ocrx_word' id='word_1_5' title='bbox 568 411 949 464; x_wconf 86' lang='lat' dir='ltr'>praecedentibus</span> <span class='ocrx_word' id='word_1_6' title='bbox 983 413 1058 455; x_wconf 92' lang='lat' dir='ltr'>ubi</span> <span class='ocrx_word' id='word_1_7' title='bbox 1092 407 1276 457; x_wconf 89' lang='lat' dir='ltr'>auctore</span> <span class='ocrx_word' id='word_1_8' title='bbox 1312 416 1498 458; x_wconf 89' lang='lat' dir='ltr'>Platone</span> <span class='ocrx_word' id='word_1_9' title='bbox 1531 418 1720 460; x_wconf 92' lang='lat' dir='ltr'>demon-</span> 
     </span>
     <span class='ocr_line' id='line_1_4' title="bbox 117 490 1718 552; baseline 0.006 -20"><span class='ocrx_word' id='word_1_10' title='bbox 117 493 285 533; x_wconf 83' lang='lat' dir='ltr'>stratur</span> <span class='ocrx_word' id='word_1_11' title='bbox 327 503 383 531; x_wconf 89' lang='lat' dir='ltr'>ne</span> <span class='ocrx_word' id='word_1_12' title='bbox 420 490 465 531; x_wconf 89' lang='lat' dir='ltr'>in</span> <span class='ocrx_word' id='word_1_13' title='bbox 498 490 675 544; x_wconf 89' lang='lat' dir='ltr'>optimo</span> <span class='ocrx_word' id='word_1_14' title='bbox 710 492 895 545; x_wconf 91' lang='lat' dir='ltr'>quidem</span> <span class='ocrx_word' id='word_1_15' title='bbox 930 494 1044 535; x_wconf 91' lang='lat' dir='ltr'>duce</span> <span class='ocrx_word' id='word_1_16' title='bbox 1079 495 1329 550; x_wconf 86' lang='lat' dir='ltr'>quidquam</span> <span class='ocrx_word' id='word_1_17' title='bbox 1362 511 1459 538; x_wconf 89' lang='lat' dir='ltr'>esse</span> <span class='ocrx_word' id='word_1_18' title='bbox 1492 499 1718 552; x_wconf 85' lang='lat' dir='ltr'>praesidii,</span> 
     </span>
     <span class='ocr_line' id='line_1_5' title="bbox 117 569 1719 633; baseline 0.007 -23"><span class='ocrx_word' id='word_1_19' title='bbox 117 569 202 611; x_wconf 89' lang='lat' dir='ltr'>nisi</span> <span class='ocrx_word' id='word_1_20' title='bbox 246 569 384 612; x_wconf 90' lang='lat' dir='ltr'>etiam</span> <span class='ocrx_word' id='word_1_21' title='bbox 427 570 593 613; x_wconf 87' lang='lat' dir='ltr'>milites</span> <span class='ocrx_word' id='word_1_22' title='bbox 634 571 675 612; x_wconf 91' lang='lat' dir='ltr'>ei</span> <span class='ocrx_word' id='word_1_23' title='bbox 712 585 792 613; x_wconf 89' lang='lat' dir='ltr'>sua</span> <span class='ocrx_word' id='word_1_24' title='bbox 823 573 907 614; x_wconf 91' lang='lat' dir='ltr'>sibi</span> <span class='ocrx_word' id='word_1_25' title='bbox 941 574 1031 615; x_wconf 90' lang='lat' dir='ltr'>sint</span> <span class='ocrx_word' id='word_1_26' title='bbox 1063 574 1224 616; x_wconf 88' lang='lat' dir='ltr'>imbuti</span> <span class='ocrx_word' id='word_1_27' title='bbox 1258 576 1559 633; x_wconf 86' lang='lat' dir='ltr'>philosophia.</span> <span class='ocrx_word' id='word_1_28' title='bbox 1594 580 1719 622; x_wconf 90' lang='lat' dir='ltr'>Iusto</span> 
     </span>
     <span class='ocr_line' id='line_1_6' title="bbox 115 636 1718 702; baseline 0.007 -11"><span class='ocrx_word' id='word_1_29' title='bbox 115 636 345 701; x_wconf 71' lang='lat' dir='ltr'>audacior,</span> <span class='ocrx_word' id='word_1_30' title='bbox 386 656 456 692; x_wconf 90' lang='lat' dir='ltr'>sat</span> <span class='ocrx_word' id='word_1_31' title='bbox 497 651 605 701; x_wconf 89' lang='lat' dir='ltr'>scio,</span> <span class='ocrx_word' id='word_1_32' title='bbox 651 651 763 694; x_wconf 90' lang='lat' dir='ltr'>haec</span> <span class='ocrx_word' id='word_1_33' title='bbox 803 655 1078 696; x_wconf 90' lang='lat' dir='ltr'>emendandi</span> <span class='ocrx_word' id='word_1_34' title='bbox 1122 656 1236 696; x_wconf 91' lang='lat' dir='ltr'>ratio</span> <span class='ocrx_word' id='word_1_35' title='bbox 1282 657 1433 699; x_wconf 88' lang='lat' dir='ltr'>multis</span> <span class='ocrx_word' id='word_1_36' title='bbox 1477 659 1718 702; x_wconf 88' lang='lat' dir='ltr'>videbitur.</span> 
     </span>
     <span class='ocr_line' id='line_1_7' title="bbox 118 730 1716 794; baseline 0.006 -22"><span class='ocrx_word' id='word_1_37' title='bbox 118 730 324 773; x_wconf 85' lang='lat' dir='ltr'>Fulciam</span> <span class='ocrx_word' id='word_1_38' title='bbox 357 745 465 786; x_wconf 87' lang='lat' dir='ltr'>ergo</span> <span class='ocrx_word' id='word_1_39' title='bbox 499 731 616 774; x_wconf 89' lang='lat' dir='ltr'>hanc</span> <span class='ocrx_word' id='word_1_40' title='bbox 649 733 959 779; x_wconf 86' lang='lat' dir='ltr'>coniecturam</span> <span class='ocrx_word' id='word_1_41' title='bbox 991 741 1061 776; x_wconf 90' lang='lat' dir='ltr'>sat</span> <span class='ocrx_word' id='word_1_42' title='bbox 1089 734 1225 790; x_wconf 86' lang='lat' dir='ltr'>longa</span> <span class='ocrx_word' id='word_1_43' title='bbox 1252 736 1455 779; x_wconf 92' lang='lat' dir='ltr'>locorum</span> <span class='ocrx_word' id='word_1_44' title='bbox 1483 740 1611 789; x_wconf 88' lang='lat' dir='ltr'>serie,</span> <span class='ocrx_word' id='word_1_45' title='bbox 1640 741 1716 794; x_wconf 85' lang='lat' dir='ltr'>qui</span> 
     </span>
     <span class='ocr_line' id='line_1_8' title="bbox 116 811 1718 862; baseline 0.005 -8"><span class='ocrx_word' id='word_1_46' title='bbox 116 811 395 854; x_wconf 89' lang='lat' dir='ltr'>documento</span> <span class='ocrx_word' id='word_1_47' title='bbox 437 813 527 854; x_wconf 87' lang='lat' dir='ltr'>sint</span> <span class='ocrx_word' id='word_1_48' title='bbox 570 826 861 855; x_wconf 90' lang='lat' dir='ltr'>communem</span> <span class='ocrx_word' id='word_1_49' title='bbox 904 815 1112 857; x_wconf 91' lang='lat' dir='ltr'>codicum</span> <span class='ocrx_word' id='word_1_50' title='bbox 1158 822 1391 859; x_wconf 88' lang='lat' dir='ltr'>nostorum</span> <span class='ocrx_word' id='word_1_51' title='bbox 1427 818 1599 861; x_wconf 92' lang='lat' dir='ltr'>fontem</span> <span class='ocrx_word' id='word_1_52' title='bbox 1633 820 1718 862; x_wconf 92' lang='lat' dir='ltr'>hac</span> 
     </span>
     <span class='ocr_line' id='line_1_9' title="bbox 115 894 1716 951; baseline 0.006 -18"><span class='ocrx_word' id='word_1_53' title='bbox 115 898 239 934; x_wconf 85' lang='lat' dir='ltr'>certe</span> <span class='ocrx_word' id='word_1_54' title='bbox 267 899 396 948; x_wconf 88' lang='lat' dir='ltr'>parte</span> <span class='ocrx_word' id='word_1_55' title='bbox 425 894 587 935; x_wconf 88' lang='lat' dir='ltr'>mirum</span> <span class='ocrx_word' id='word_1_56' title='bbox 616 907 755 948; x_wconf 89' lang='lat' dir='ltr'>quam</span> <span class='ocrx_word' id='word_1_57' title='bbox 782 909 918 950; x_wconf 89' lang='lat' dir='ltr'>saepe</span> <span class='ocrx_word' id='word_1_58' title='bbox 947 902 1210 951; x_wconf 89' lang='lat' dir='ltr'>corruptum</span> <span class='ocrx_word' id='word_1_59' title='bbox 1228 911 1324 939; x_wconf 91' lang='lat' dir='ltr'>esse</span> <span class='ocrx_word' id='word_1_60' title='bbox 1342 901 1716 943; x_wconf 81' lang='lat' dir='ltr'>annotationibus</span> 
     </span>
     <span class='ocr_line' id='line_1_10' title="bbox 114 966 1677 1030; baseline 0.006 -16"><span class='ocrx_word' id='word_1_61' title='bbox 114 973 178 1015; x_wconf 53' lang='lat' dir='ltr'>in*</span> <span class='ocrx_word' id='word_1_62' title='bbox 193 978 373 1015; x_wconf 87' lang='lat' dir='ltr'>textum</span> <span class='ocrx_word' id='word_1_63' title='bbox 407 973 603 1029; x_wconf 88' lang='lat' dir='ltr'>receptis</span> <span class='ocrx_word' id='word_1_64' title='bbox 635 975 778 1029; x_wconf 90' lang='lat' dir='ltr'>iisque</span> <span class='ocrx_word' id='word_1_65' title='bbox 813 975 1080 1030; x_wconf 91' lang='lat' dir='ltr'>plerumque</span> <span class='ocrx_word' id='word_1_66' title='bbox 1113 966 1271 1019; x_wconf 83' lang='lat' dir='ltr'>aliena</span> <span class='ocrx_word' id='word_1_67' title='bbox 1291 979 1523 1022; x_wconf 88' lang='lat' dir='ltr'>collocatis</span> <span class='ocrx_word' id='word_1_68' title='bbox 1555 982 1677 1023; x_wconf 90' lang='lat' dir='ltr'>sede.</span> 
     </span>
     <span class='ocr_line' id='line_1_11' title="bbox 126 1042 1715 1115; baseline 0.006 -21"><span class='ocrx_word' id='word_1_69' title='bbox 126 1085 148 1092; x_wconf 64' lang='lat'><em>,</em></span> <span class='ocrx_word' id='word_1_70' title='bbox 175 1053 323 1096; x_wconf 86' lang='lat' dir='ltr'>Galba</span> <span class='ocrx_word' id='word_1_71' title='bbox 363 1054 432 1096; x_wconf 92' lang='lat' dir='ltr'>IV</span> <span class='ocrx_word' id='word_1_72' title='bbox 482 1053 628 1096; x_wconf 89' lang='lat' dir='ltr'>Galba</span> <span class='ocrx_word' id='word_1_73' title='bbox 674 1069 700 1095; x_wconf 86' lang='lat' dir='ltr'>a</span> <span class='ocrx_word' id='word_1_74' title='bbox 749 1055 931 1096; x_wconf 88' lang='lat' dir='ltr'>Nerone</span> <span class='ocrx_word' id='word_1_75' title='bbox 975 1057 1019 1097; x_wconf 89' lang='lat' dir='ltr'>in</span> <span class='ocrx_word' id='word_1_76' title='bbox 1065 1042 1333 1111; x_wconf 81' lang='lat' dir='ltr'>Hispaniam</span> <span class='ocrx_word' id='word_1_77' title='bbox 1376 1073 1478 1100; x_wconf 90' lang='lat' dir='ltr'>cum</span> <span class='ocrx_word' id='word_1_78' title='bbox 1524 1061 1715 1115; x_wconf 90' lang='lat' dir='ltr'>imperio</span> 
     </span>
     <span class='ocr_line' id='line_1_12' title="bbox 115 1133 1715 1192; baseline 0.004 -16"><span class='ocrx_word' id='word_1_79' title='bbox 115 1134 334 1177; x_wconf 83' lang='lat' dir='ltr'>mittitur:</span> <span class='ocrx_word' id='word_1_80' title='bbox 367 1133 456 1176; x_wconf 76' lang='grc' dir='ltr'>ἐπεὶ</span> <span class='ocrx_word' id='word_1_81' title='bbox 492 1134 532 1175; x_wconf 71' lang='grc' dir='ltr'>δὲ</span> <span class='ocrx_word' id='word_1_82' title='bbox 566 1138 644 1176; x_wconf 82' lang='grc' dir='ltr'>τῶν</span> <span class='ocrx_word' id='word_1_83' title='bbox 681 1135 900 1187; x_wconf 68' lang='grc' dir='ltr'><em>ἀλιτηρίων</em></span> <span class='ocrx_word' id='word_1_84' title='bbox 934 1135 1160 1188; x_wconf 71' lang='grc' dir='ltr'>ἐπιτρόπων</span> <span class='ocrx_word' id='word_1_85' title='bbox 1194 1138 1309 1187; x_wconf 76' lang='grc' dir='ltr'><strong><em>ὠμῶς</em></strong></span> <span class='ocrx_word' id='word_1_86' title='bbox 1344 1138 1412 1180; x_wconf 74' lang='grc' dir='ltr'><em>κοιὶ</em></span> <span class='ocrx_word' id='word_1_87' title='bbox 1448 1139 1601 1192; x_wconf 67' lang='grc' dir='ltr'><em>ἀγρίως</em></span> <span class='ocrx_word' id='word_1_88' title='bbox 1635 1141 1715 1188; x_wconf 74' lang='grc' dir='ltr'>τὰς</span> 
     </span>
     <span class='ocr_line' id='line_1_13' title="bbox 113 1213 1715 1271; baseline 0.004 -14"><span class='ocrx_word' id='word_1_89' title='bbox 113 1213 327 1268; x_wconf 68' lang='grc' dir='ltr'><em>ἐπαρχίαις</em></span> <span class='ocrx_word' id='word_1_90' title='bbox 360 1215 520 1257; x_wconf 81' lang='grc' dir='ltr'><em>ἐκείνων</em></span> <span class='ocrx_word' id='word_1_91' title='bbox 553 1214 854 1268; x_wconf 66' lang='grc' dir='ltr'><em>διαφορούντων</em></span> <span class='ocrx_word' id='word_1_92' title='bbox 886 1215 995 1258; x_wconf 77' lang='grc' dir='ltr'>ἄλλο</span> <span class='ocrx_word' id='word_1_93' title='bbox 1031 1217 1106 1268; x_wconf 73' lang='grc' dir='ltr'>μὲν</span> <span class='ocrx_word' id='word_1_94' title='bbox 1143 1214 1258 1271; x_wconf 75' lang='grc' dir='ltr'><em>εἶχεν</em></span> <span class='ocrx_word' id='word_1_95' title='bbox 1292 1219 1401 1261; x_wconf 77' lang='grc' dir='ltr'><em>οὐδὲν</em></span> <span class='ocrx_word' id='word_1_96' title='bbox 1429 1219 1607 1271; x_wconf 72' lang='grc' dir='ltr'><em>βοηθεῖν,</em></span> <span class='ocrx_word' id='word_1_97' title='bbox 1634 1223 1715 1264; x_wconf 89' lang='lat' dir='ltr'>sed</span> 
     </span>
     <span class='ocr_line' id='line_1_14' title="bbox 111 1296 1714 1353; baseline 0.005 -16"><span class='ocrx_word' id='word_1_98' title='bbox 111 1301 268 1338; x_wconf 90' lang='lat' dir='ltr'>tamen</span> <span class='ocrx_word' id='word_1_99' title='bbox 293 1296 442 1338; x_wconf 86' lang='lat' dir='ltr'>solatii</span> <span class='ocrx_word' id='word_1_100' title='bbox 470 1297 641 1351; x_wconf 89' lang='lat' dir='ltr'>aliquid</span> <span class='ocrx_word' id='word_1_101' title='bbox 671 1298 1023 1352; x_wconf 92' lang='lat' dir='ltr'>provincialibus</span> <span class='ocrx_word' id='word_1_102' title='bbox 1047 1299 1298 1353; x_wconf 83' lang='lat' dir='ltr'>praebebat</span> <span class='ocrx_word' id='word_1_103' title='bbox 1326 1302 1572 1343; x_wconf 89' lang='lat' dir='ltr'>ostendens</span> <span class='ocrx_word' id='word_1_104' title='bbox 1590 1304 1714 1345; x_wconf 92' lang='lat' dir='ltr'>cordi</span> 
     </span>
     <span class='ocr_line' id='line_1_15' title="bbox 112 1376 1714 1431; baseline 0.004 -13"><span class='ocrx_word' id='word_1_105' title='bbox 112 1376 198 1418; x_wconf 89' lang='lat' dir='ltr'>sibi</span> <span class='ocrx_word' id='word_1_106' title='bbox 227 1390 329 1431; x_wconf 64' lang='lat' dir='ltr'>esse&gt;</span> <span class='ocrx_word' id='word_1_107' title='bbox 351 1377 530 1418; x_wconf 87' lang='lat' dir='ltr'>illorum</span> <span class='ocrx_word' id='word_1_108' title='bbox 560 1378 774 1427; x_wconf 90' lang='lat' dir='ltr'>miserias,</span> <span class='ocrx_word' id='word_1_109' title='bbox 803 1391 943 1431; x_wconf 91' lang='lat' dir='ltr'>seque</span> <span class='ocrx_word' id='word_1_110' title='bbox 971 1392 1127 1419; x_wconf 91' lang='lat' dir='ltr'>eorum</span> <span class='ocrx_word' id='word_1_111' title='bbox 1156 1379 1302 1421; x_wconf 89' lang='lat' dir='ltr'>vicem</span> <span class='ocrx_word' id='word_1_112' title='bbox 1331 1380 1498 1422; x_wconf 87' lang='lat' dir='ltr'>dolere.</span> <span class='ocrx_word' id='word_1_113' title='bbox 1530 1382 1714 1424; x_wconf 89' lang='lat' dir='ltr'>Nullum</span> 
     </span>
     <span class='ocr_line' id='line_1_16' title="bbox 113 1456 1714 1508; baseline 0.004 -9"><span class='ocrx_word' id='word_1_114' title='bbox 113 1456 187 1499; x_wconf 88' lang='lat' dir='ltr'>hic</span> <span class='ocrx_word' id='word_1_115' title='bbox 218 1458 528 1499; x_wconf 90' lang='lat' dir='ltr'>coniunctioni</span> <span class='ocrx_word' id='word_1_116' title='bbox 556 1457 649 1498; x_wconf 81' lang='grc' dir='ltr'><em>ἐπεί</em></span> <span class='ocrx_word' id='word_1_117' title='bbox 674 1458 826 1499; x_wconf 88' lang='lat' dir='ltr'>locum</span> <span class='ocrx_word' id='word_1_118' title='bbox 854 1471 966 1508; x_wconf 90' lang='lat' dir='ltr'>esse,</span> <span class='ocrx_word' id='word_1_119' title='bbox 993 1459 1072 1500; x_wconf 92' lang='lat' dir='ltr'>sed</span> <span class='ocrx_word' id='word_1_120' title='bbox 1102 1465 1250 1501; x_wconf 91' lang='lat' dir='ltr'>totum</span> <span class='ocrx_word' id='word_1_121' title='bbox 1278 1463 1531 1503; x_wconf 89' lang='lat' dir='ltr'>sententiae</span> <span class='ocrx_word' id='word_1_122' title='bbox 1558 1463 1714 1504; x_wconf 92' lang='lat' dir='ltr'>decur-</span> 
     </span>
     <span class='ocr_line' id='line_1_17' title="bbox 111 1539 1716 1594; baseline 0.003 -14"><span class='ocrx_word' id='word_1_123' title='bbox 111 1552 212 1581; x_wconf 90' lang='lat' dir='ltr'>sum</span> <span class='ocrx_word' id='word_1_124' title='bbox 244 1551 299 1580; x_wconf 90' lang='lat' dir='ltr'>ea</span> <span class='ocrx_word' id='word_1_125' title='bbox 330 1539 585 1594; x_wconf 85' lang='lat' dir='ltr'>perturbari</span> <span class='ocrx_word' id='word_1_126' title='bbox 619 1539 789 1593; x_wconf 87' lang='lat' dir='ltr'>primus</span> <span class='ocrx_word' id='word_1_127' title='bbox 822 1539 1079 1580; x_wconf 86' lang='lat' dir='ltr'>mortalium</span> <span class='ocrx_word' id='word_1_128' title='bbox 1113 1542 1346 1594; x_wconf 84' lang='lat' dir='ltr'>perspexit</span> <span class='ocrx_word' id='word_1_129' title='bbox 1372 1541 1641 1584; x_wconf 88' lang='lat' dir='ltr'>Sintenisius</span> <span class='ocrx_word' id='word_1_130' title='bbox 1669 1550 1716 1585; x_wconf 89' lang='lat' dir='ltr'>et</span> 
     </span>
     <span class='ocr_line' id='line_1_18' title="bbox 113 1619 1714 1676; baseline 0.002 -14"><span class='ocrx_word' id='word_1_131' title='bbox 113 1619 202 1662; x_wconf 78' lang='grc' dir='ltr'><em>ἕκεῒ</em></span> <span class='ocrx_word' id='word_1_132' title='bbox 243 1621 459 1676; x_wconf 89' lang='lat' dir='ltr'>reposuit.</span> <span class='ocrx_word' id='word_1_133' title='bbox 506 1621 789 1662; x_wconf 86' lang='lat' dir='ltr'>Rectissime.</span> <span class='ocrx_word' id='word_1_134' title='bbox 834 1619 937 1661; x_wconf 90' lang='lat' dir='ltr'>Hoc</span> <span class='ocrx_word' id='word_1_135' title='bbox 963 1621 1127 1663; x_wconf 75' lang='lat' dir='ltr'>‚minus</span> <span class='ocrx_word' id='word_1_136' title='bbox 1167 1627 1290 1662; x_wconf 90' lang='lat' dir='ltr'>recte</span> <span class='ocrx_word' id='word_1_137' title='bbox 1322 1623 1445 1676; x_wconf 90' lang='lat' dir='ltr'>quod</span> <span class='ocrx_word' id='word_1_138' title='bbox 1480 1623 1714 1665; x_wconf 90' lang='lat' dir='ltr'>Reiskium</span> 
     </span>
     <span class='ocr_line' id='line_1_19' title="bbox 111 1699 1713 1757; baseline 0.001 -13"><span class='ocrx_word' id='word_1_139' title='bbox 111 1707 293 1744; x_wconf 88' lang='lat' dir='ltr'>secutus</span> <span class='ocrx_word' id='word_1_140' title='bbox 325 1716 408 1757; x_wconf 91' lang='lat' dir='ltr'>pro</span> <span class='ocrx_word' id='word_1_141' title='bbox 441 1700 599 1743; x_wconf 79' lang='grc' dir='ltr'><em>ἐκείνων</em></span> <span class='ocrx_word' id='word_1_142' title='bbox 633 1702 761 1743; x_wconf 90' lang='lat' dir='ltr'>dedit</span> <span class='ocrx_word' id='word_1_143' title='bbox 795 1699 946 1753; x_wconf 82' lang='grc' dir='ltr'><em>ἐκείνῳ.</em></span> <span class='ocrx_word' id='word_1_144' title='bbox 975 1700 1159 1755; x_wconf 78' lang='lat' dir='ltr'>Quanto</span> <span class='ocrx_word' id='word_1_145' title='bbox 1193 1702 1351 1743; x_wconf 92' lang='lat' dir='ltr'>melius</span> <span class='ocrx_word' id='word_1_146' title='bbox 1379 1707 1524 1744; x_wconf 89' lang='lat' dir='ltr'>totam</span> <span class='ocrx_word' id='word_1_147' title='bbox 1552 1718 1713 1746; x_wconf 91' lang='lat' dir='ltr'>vocem</span> 
     </span>
     <span class='ocr_line' id='line_1_20' title="bbox 54 1781 1714 1838; baseline 0.001 -13"><span class='ocrx_word' id='word_1_148' title='bbox 54 1782 78 1791; x_wconf 51' lang='lat'>&#39;⁷</span> <span class='ocrx_word' id='word_1_149' title='bbox 111 1783 432 1838; x_wconf 84' lang='lat' dir='ltr'>expunxisset:</span> <span class='ocrx_word' id='word_1_150' title='bbox 467 1783 568 1836; x_wconf 84' lang='lat' dir='ltr'>„ubi</span> <span class='ocrx_word' id='word_1_151' title='bbox 595 1796 696 1824; x_wconf 93' lang='lat' dir='ltr'>cum</span> <span class='ocrx_word' id='word_1_152' title='bbox 723 1787 1039 1836; x_wconf 89' lang='lat' dir='ltr'>procuratores</span> <span class='ocrx_word' id='word_1_153' title='bbox 1064 1781 1306 1823; x_wconf 89' lang='lat' dir='ltr'>crudeliter</span> <span class='ocrx_word' id='word_1_154' title='bbox 1324 1784 1580 1837; x_wconf 89' lang='lat' dir='ltr'>provincias</span> <span class='ocrx_word' id='word_1_155' title='bbox 1598 1784 1714 1826; x_wconf 89' lang='lat' dir='ltr'>lace-</span> 
     </span>
     <span class='ocr_line' id='line_1_21' title="bbox 110 1862 1712 1919; baseline 0 -13"><span class='ocrx_word' id='word_1_156' title='bbox 110 1869 276 1914; x_wconf 88' lang='lat' dir='ltr'>rarent,</span> <span class='ocrx_word' id='word_1_157' title='bbox 310 1877 447 1919; x_wconf 89' lang='lat' dir='ltr'>opem</span> <span class='ocrx_word' id='word_1_158' title='bbox 480 1864 666 1917; x_wconf 91' lang='lat' dir='ltr'>quidem</span> <span class='ocrx_word' id='word_1_159' title='bbox 700 1862 813 1904; x_wconf 88' lang='lat' dir='ltr'>ferre</span> <span class='ocrx_word' id='word_1_160' title='bbox 847 1862 1200 1917; x_wconf 88' lang='lat' dir='ltr'>provincialibus</span> <span class='ocrx_word' id='word_1_161' title='bbox 1234 1877 1323 1904; x_wconf 92' lang='lat' dir='ltr'>non</span> <span class='ocrx_word' id='word_1_162' title='bbox 1351 1863 1576 1918; x_wconf 88' lang='lat' dir='ltr'>poterat”.</span> <span class='ocrx_word' id='word_1_163' title='bbox 1611 1865 1712 1906; x_wconf 90' lang='lat' dir='ltr'>Hoc</span> 
     </span>
     <span class='ocr_line' id='line_1_22' title="bbox 110 1936 1724 1998; baseline 0 -12"><span class='ocrx_word' id='word_1_164' title='bbox 110 1944 220 1986; x_wconf 88' lang='lat' dir='ltr'>satis</span> <span class='ocrx_word' id='word_1_165' title='bbox 261 1949 342 1994; x_wconf 87' lang='lat' dir='ltr'>est,</span> <span class='ocrx_word' id='word_1_166' title='bbox 386 1950 434 1985; x_wconf 92' lang='lat' dir='ltr'>et</span> <span class='ocrx_word' id='word_1_167' title='bbox 475 1943 698 1998; x_wconf 90' lang='lat' dir='ltr'>quidquid</span> <span class='ocrx_word' id='word_1_168' title='bbox 737 1949 973 1997; x_wconf 89' lang='lat' dir='ltr'>praeterea</span> <span class='ocrx_word' id='word_1_169' title='bbox 1004 1943 1187 1984; x_wconf 89' lang='lat' dir='ltr'>additur</span> <span class='ocrx_word' id='word_1_170' title='bbox 1221 1943 1423 1984; x_wconf 91' lang='lat' dir='ltr'>maculae</span> <span class='ocrx_word' id='word_1_171' title='bbox 1457 1945 1598 1986; x_wconf 89' lang='lat' dir='ltr'>instar</span> <span class='ocrx_word' id='word_1_172' title='bbox 1630 1936 1724 1986; x_wconf 66' lang='lat' dir='ltr'>est?</span> 
     </span>
     <span class='ocr_line' id='line_1_23' title="bbox 112 2021 1714 2077; baseline 0 -10"><span class='ocrx_word' id='word_1_173' title='bbox 112 2024 251 2067; x_wconf 90' lang='lat' dir='ltr'>Unde</span> <span class='ocrx_word' id='word_1_174' title='bbox 282 2029 435 2067; x_wconf 91' lang='lat' dir='ltr'>autem</span> <span class='ocrx_word' id='word_1_175' title='bbox 468 2025 588 2066; x_wconf 90' lang='lat' dir='ltr'>istud</span> <span class='ocrx_word' id='word_1_176' title='bbox 623 2021 783 2064; x_wconf 81' lang='grc' dir='ltr'><em>ἐκείνων</em></span> <span class='ocrx_word' id='word_1_177' title='bbox 817 2021 1001 2064; x_wconf 88' lang='lat' dir='ltr'>natum?</span> <span class='ocrx_word' id='word_1_178' title='bbox 1035 2022 1111 2063; x_wconf 91' lang='lat' dir='ltr'>Ad</span> <span class='ocrx_word' id='word_1_179' title='bbox 1146 2021 1238 2064; x_wconf 81' lang='grc' dir='ltr'><em>ἐπεί</em></span> <span class='ocrx_word' id='word_1_180' title='bbox 1265 2023 1426 2077; x_wconf 89' lang='lat' dir='ltr'>aliquis</span> <span class='ocrx_word' id='word_1_181' title='bbox 1452 2025 1714 2067; x_wconf 74' lang='lat' dir='ltr'>emendatio-</span> 
     </span>
     <span class='ocr_line' id='line_1_24' title="bbox 110 2103 1711 2159; baseline 0 -12"><span class='ocrx_word' id='word_1_182' title='bbox 110 2119 206 2147; x_wconf 85' lang='lat' dir='ltr'>nem</span> <span class='ocrx_word' id='word_1_183' title='bbox 250 2104 339 2147; x_wconf 78' lang='grc' dir='ltr'><em>ἐκεῖ</em></span> <span class='ocrx_word' id='word_1_184' title='bbox 377 2105 632 2159; x_wconf 85' lang='lat' dir='ltr'>adscripsit,</span> <span class='ocrx_word' id='word_1_185' title='bbox 668 2118 783 2158; x_wconf 90' lang='lat' dir='ltr'>quae</span> <span class='ocrx_word' id='word_1_186' title='bbox 818 2104 862 2144; x_wconf 90' lang='lat' dir='ltr'>in</span> <span class='ocrx_word' id='word_1_187' title='bbox 896 2103 1093 2144; x_wconf 91' lang='lat' dir='ltr'>alienum</span> <span class='ocrx_word' id='word_1_188' title='bbox 1127 2104 1280 2144; x_wconf 42' lang='lat' dir='ltr'>tentus</span> <span class='ocrx_word' id='word_1_189' title='bbox 1312 2103 1462 2145; x_wconf 90' lang='lat' dir='ltr'>locum</span> <span class='ocrx_word' id='word_1_190' title='bbox 1497 2104 1621 2147; x_wconf 89' lang='lat' dir='ltr'>illata</span> <span class='ocrx_word' id='word_1_191' title='bbox 1654 2107 1711 2147; x_wconf 90' lang='lat' dir='ltr'>ad</span> 
     </span>
     <span class='ocr_line' id='line_1_25' title="bbox 109 2181 1458 2240; baseline -0.001 -13"><span class='ocrx_word' id='word_1_192' title='bbox 109 2185 392 2240; x_wconf 88' lang='lat' dir='ltr'>subsequens</span> <span class='ocrx_word' id='word_1_193' title='bbox 426 2181 698 2227; x_wconf 88' lang='lat' dir='ltr'>vocabulum</span> <span class='ocrx_word' id='word_1_194' title='bbox 732 2189 963 2238; x_wconf 88' lang='lat' dir='ltr'>utcunque</span> <span class='ocrx_word' id='word_1_195' title='bbox 998 2189 1067 2224; x_wconf 90' lang='lat' dir='ltr'>est</span> <span class='ocrx_word' id='word_1_196' title='bbox 1097 2185 1458 2226; x_wconf 88' lang='lat' dir='ltr'>accommodata.</span> 
     </span>
    </p>

    <p class='ocr_par' dir='ltr' id='par_1_4' title="bbox 107 2263 1714 3048">
     <span class='ocr_line' id='line_1_26' title="bbox 171 2263 1710 2319; baseline 0 -11"><span class='ocrx_word' id='word_1_197' title='bbox 171 2265 317 2308; x_wconf 88' lang='lat' dir='ltr'>Galba</span> <span class='ocrx_word' id='word_1_198' title='bbox 360 2266 474 2307; x_wconf 93' lang='lat' dir='ltr'>XIII</span> <span class='ocrx_word' id='word_1_199' title='bbox 535 2264 845 2319; x_wconf 90' lang='lat' dir='ltr'>Nymphidius</span> <span class='ocrx_word' id='word_1_200' title='bbox 903 2263 1097 2306; x_wconf 85' lang='lat' dir='ltr'>Sabinus</span> <span class='ocrx_word' id='word_1_201' title='bbox 1158 2277 1261 2305; x_wconf 91' lang='lat' dir='ltr'>cum</span> <span class='ocrx_word' id='word_1_202' title='bbox 1320 2265 1710 2318; x_wconf 90' lang='lat' dir='ltr'>praetorianorum</span> 
     </span>
     <span class='ocr_line' id='line_1_27' title="bbox 110 2343 1711 2400; baseline -0.001 -12"><span class='ocrx_word' id='word_1_203' title='bbox 110 2347 249 2389; x_wconf 91' lang='lat' dir='ltr'>duces</span> <span class='ocrx_word' id='word_1_204' title='bbox 295 2346 483 2387; x_wconf 89' lang='lat' dir='ltr'>consilia</span> <span class='ocrx_word' id='word_1_205' title='bbox 530 2345 669 2400; x_wconf 88' lang='lat' dir='ltr'>ipsius</span> <span class='ocrx_word' id='word_1_206' title='bbox 717 2345 931 2386; x_wconf 90' lang='lat' dir='ltr'>adiuvare</span> <span class='ocrx_word' id='word_1_207' title='bbox 976 2343 1162 2393; x_wconf 89' lang='lat' dir='ltr'>nollent,</span> <span class='ocrx_word' id='word_1_208' title='bbox 1216 2344 1312 2398; x_wconf 90' lang='lat' dir='ltr'>ipse</span> <span class='ocrx_word' id='word_1_209' title='bbox 1363 2358 1442 2398; x_wconf 91' lang='lat' dir='ltr'>per</span> <span class='ocrx_word' id='word_1_210' title='bbox 1494 2359 1541 2386; x_wconf 89' lang='lat' dir='ltr'>se</span> <span class='ocrx_word' id='word_1_211' title='bbox 1590 2346 1711 2387; x_wconf 89' lang='lat' dir='ltr'>viam</span> 
     </span>
     <span class='ocr_line' id='line_1_28' title="bbox 108 2425 1712 2483; baseline -0.001 -13"><span class='ocrx_word' id='word_1_212' title='bbox 108 2428 194 2470; x_wconf 89' lang='lat' dir='ltr'>sibi</span> <span class='ocrx_word' id='word_1_213' title='bbox 242 2429 300 2470; x_wconf 89' lang='lat' dir='ltr'>ad</span> <span class='ocrx_word' id='word_1_214' title='bbox 350 2428 656 2483; x_wconf 88' lang='lat' dir='ltr'>principatum</span> <span class='ocrx_word' id='word_1_215' title='bbox 703 2427 856 2481; x_wconf 90' lang='lat' dir='ltr'>coepit</span> <span class='ocrx_word' id='word_1_216' title='bbox 906 2426 1093 2467; x_wconf 89' lang='lat' dir='ltr'>munire.</span> <span class='ocrx_word' id='word_1_217' title='bbox 1154 2425 1223 2466; x_wconf 89' lang='lat' dir='ltr'>Ne</span> <span class='ocrx_word' id='word_1_218' title='bbox 1278 2425 1447 2468; x_wconf 88' lang='lat' dir='ltr'>faceret</span> <span class='ocrx_word' id='word_1_219' title='bbox 1494 2428 1712 2470; x_wconf 88' lang='lat' dir='ltr'>monebat</span> 
     </span>
     <span class='ocr_line' id='line_1_29' title="bbox 109 2506 1712 2564; baseline 0 -14"><span class='ocrx_word' id='word_1_220' title='bbox 109 2507 379 2564; x_wconf 69' lang='grc' dir='ltr'>(ἀπηγόρευε)</span> <span class='ocrx_word' id='word_1_221' title='bbox 407 2508 593 2550; x_wconf 91' lang='lat' dir='ltr'>Clodius</span> <span class='ocrx_word' id='word_1_222' title='bbox 627 2507 782 2549; x_wconf 89' lang='lat' dir='ltr'>Celsus</span> <span class='ocrx_word' id='word_1_223' title='bbox 815 2506 1170 2555; x_wconf 55' lang='lat' dir='ltr'>Antiochensis&gt;</span> <span class='ocrx_word' id='word_1_224' title='bbox 1188 2506 1256 2547; x_wconf 92' lang='lat' dir='ltr'>vir</span> <span class='ocrx_word' id='word_1_225' title='bbox 1290 2507 1487 2560; x_wconf 90' lang='lat' dir='ltr'>prudens</span> <span class='ocrx_word' id='word_1_226' title='bbox 1515 2508 1712 2550; x_wconf 93' lang='lat' dir='ltr'>dicendo</span> 
     </span>
     <span class='ocr_line' id='line_1_30' title="bbox 109 2585 1711 2643; baseline -0.001 -12"><span class='ocrx_word' id='word_1_227' title='bbox 109 2589 194 2631; x_wconf 91' lang='lat' dir='ltr'>sibi</span> <span class='ocrx_word' id='word_1_228' title='bbox 237 2603 294 2631; x_wconf 91' lang='lat' dir='ltr'>ne</span> <span class='ocrx_word' id='word_1_229' title='bbox 343 2603 479 2631; x_wconf 89' lang='lat' dir='ltr'>unam</span> <span class='ocrx_word' id='word_1_230' title='bbox 523 2589 709 2643; x_wconf 91' lang='lat' dir='ltr'>quidem</span> <span class='ocrx_word' id='word_1_231' title='bbox 753 2588 797 2628; x_wconf 92' lang='lat' dir='ltr'>in</span> <span class='ocrx_word' id='word_1_232' title='bbox 831 2587 941 2628; x_wconf 90' lang='lat' dir='ltr'>urbe</span> <span class='ocrx_word' id='word_1_233' title='bbox 976 2585 1165 2628; x_wconf 89' lang='lat' dir='ltr'>insulam</span> <span class='ocrx_word' id='word_1_234' title='bbox 1199 2586 1342 2628; x_wconf 90' lang='lat' dir='ltr'>videri</span> <span class='ocrx_word' id='word_1_235' title='bbox 1377 2587 1711 2642; x_wconf 90' lang='lat' dir='ltr'>Nymphidium</span> 
     </span>
     <span class='ocr_line' id='line_1_31' title="bbox 110 2665 1712 2720; baseline -0.002 -7"><span class='ocrx_word' id='word_1_236' title='bbox 110 2669 351 2713; x_wconf 90' lang='lat' dir='ltr'>Caesarem</span> <span class='ocrx_word' id='word_1_237' title='bbox 383 2684 480 2712; x_wconf 90' lang='lat' dir='ltr'>esse</span> <span class='ocrx_word' id='word_1_238' title='bbox 513 2669 832 2711; x_wconf 88' lang='lat' dir='ltr'>salutaturam:</span> <span class='ocrx_word' id='word_1_239' title='bbox 866 2665 984 2708; x_wconf 57' lang='grc' dir='ltr'><em>ἑλλοὶ</em></span> <span class='ocrx_word' id='word_1_240' title='bbox 1019 2665 1164 2707; x_wconf 72' lang='grc' dir='ltr'><em>πολλοὶ</em></span> <span class='ocrx_word' id='word_1_241' title='bbox 1195 2666 1439 2716; x_wconf 67' lang='grc' dir='ltr'><em>κατεγέλων</em></span> <span class='ocrx_word' id='word_1_242' title='bbox 1468 2667 1538 2709; x_wconf 67' lang='grc' dir='ltr'>καὶ</span> <span class='ocrx_word' id='word_1_243' title='bbox 1568 2669 1712 2720; x_wconf 83' lang='grc' dir='ltr'><em>Μιθρι-</em></span> 
     </span>
     <span class='ocr_line' id='line_1_32' title="bbox 109 2746 1710 2800; baseline -0.002 -7"><span class='ocrx_word' id='word_1_244' title='bbox 109 2751 237 2800; x_wconf 70' lang='grc' dir='ltr'><em>δάτης</em></span> <span class='ocrx_word' id='word_1_245' title='bbox 271 2750 289 2792; x_wconf 82' lang='grc' dir='ltr'><em>ὂ</em></span> <span class='ocrx_word' id='word_1_246' title='bbox 324 2751 519 2796; x_wconf 84' lang='grc' dir='ltr'><em>Ποντικὸς</em></span> <span class='ocrx_word' id='word_1_247' title='bbox 556 2749 828 2791; x_wconf 76' lang='grc' dir='ltr'><em>ἐπισκώπτων</em></span> <span class='ocrx_word' id='word_1_248' title='bbox 857 2747 928 2794; x_wconf 69' lang='grc' dir='ltr'>τὴν</span> <span class='ocrx_word' id='word_1_249' title='bbox 958 2747 1272 2798; x_wconf 76' lang='grc' dir='ltr'><em>Φοιλοικρότητοι</em></span> <span class='ocrx_word' id='word_1_250' title='bbox 1300 2750 1370 2788; x_wconf 79' lang='grc' dir='ltr'>τοῦ</span> <span class='ocrx_word' id='word_1_251' title='bbox 1400 2746 1559 2797; x_wconf 63' lang='grc' dir='ltr'><em>Γάλβα</em></span> <span class='ocrx_word' id='word_1_252' title='bbox 1591 2762 1710 2790; x_wconf 91' lang='lat' dir='ltr'>nunc</span> 
     </span>
     <span class='ocr_line' id='line_1_33' title="bbox 109 2827 1714 2887; baseline -0.002 -13"><span class='ocrx_word' id='word_1_253' title='bbox 109 2833 230 2887; x_wconf 93' lang='lat' dir='ltr'>apud</span> <span class='ocrx_word' id='word_1_254' title='bbox 275 2832 508 2874; x_wconf 89' lang='lat' dir='ltr'>Romanos</span> <span class='ocrx_word' id='word_1_255' title='bbox 552 2844 655 2872; x_wconf 91' lang='lat' dir='ltr'>eum</span> <span class='ocrx_word' id='word_1_256' title='bbox 700 2829 883 2870; x_wconf 90' lang='lat' dir='ltr'>dicebat</span> <span class='ocrx_word' id='word_1_257' title='bbox 925 2829 970 2868; x_wconf 92' lang='lat' dir='ltr'>in</span> <span class='ocrx_word' id='word_1_258' title='bbox 1013 2827 1165 2881; x_wconf 83' lang='lat' dir='ltr'>aliquo</span> <span class='ocrx_word' id='word_1_259' title='bbox 1209 2841 1305 2868; x_wconf 89' lang='lat' dir='ltr'>esse</span> <span class='ocrx_word' id='word_1_260' title='bbox 1349 2829 1510 2882; x_wconf 91' lang='lat' dir='ltr'>pretio,</span> <span class='ocrx_word' id='word_1_261' title='bbox 1544 2829 1623 2870; x_wconf 91' lang='lat' dir='ltr'>sed</span> <span class='ocrx_word' id='word_1_262' title='bbox 1656 2829 1714 2870; x_wconf 88' lang='lat' dir='ltr'>si-</span> 
     </span>
     <span class='ocr_line' id='line_1_34' title="bbox 110 2907 1711 2966; baseline -0.002 -12"><span class='ocrx_word' id='word_1_263' title='bbox 110 2912 342 2966; x_wconf 88' lang='lat' dir='ltr'>mulatque</span> <span class='ocrx_word' id='word_1_264' title='bbox 390 2913 436 2953; x_wconf 92' lang='lat' dir='ltr'>in</span> <span class='ocrx_word' id='word_1_265' title='bbox 485 2924 641 2952; x_wconf 90' lang='lat' dir='ltr'>eorum</span> <span class='ocrx_word' id='word_1_266' title='bbox 689 2909 888 2951; x_wconf 88' lang='lat' dir='ltr'>venisset</span> <span class='ocrx_word' id='word_1_267' title='bbox 935 2912 1247 2961; x_wconf 88' lang='lat' dir='ltr'>conspectum,</span> <span class='ocrx_word' id='word_1_268' title='bbox 1296 2907 1391 2949; x_wconf 91' lang='lat' dir='ltr'>fore</span> <span class='ocrx_word' id='word_1_269' title='bbox 1439 2914 1488 2950; x_wconf 89' lang='lat' dir='ltr'>ut</span> <span class='ocrx_word' id='word_1_270' title='bbox 1535 2909 1711 2950; x_wconf 91' lang='lat' dir='ltr'>dierum</span> 
     </span>
     <span class='ocr_line' id='line_1_35' title="bbox 107 2988 1711 3048; baseline -0.002 -13"><span class='ocrx_word' id='word_1_271' title='bbox 107 2993 302 3043; x_wconf 80' lang='lat' dir='ltr'>illorum,</span> <span class='ocrx_word' id='word_1_272' title='bbox 334 3006 415 3048; x_wconf 92' lang='lat' dir='ltr'>per</span> <span class='ocrx_word' id='word_1_273' title='bbox 447 3005 561 3046; x_wconf 92' lang='lat' dir='ltr'>quos</span> <span class='ocrx_word' id='word_1_274' title='bbox 594 2991 760 3033; x_wconf 87' lang='lat' dir='ltr'>Caesar</span> <span class='ocrx_word' id='word_1_275' title='bbox 792 2989 940 3031; x_wconf 91' lang='lat' dir='ltr'>dictus</span> <span class='ocrx_word' id='word_1_276' title='bbox 972 2993 1102 3037; x_wconf 89' lang='lat' dir='ltr'>esset,</span> <span class='ocrx_word' id='word_1_277' title='bbox 1136 2988 1367 3030; x_wconf 90' lang='lat' dir='ltr'>videretur</span> <span class='ocrx_word' id='word_1_278' title='bbox 1399 2989 1711 3044; x_wconf 91' lang='lat' dir='ltr'>opprobrium.</span> 
     </span>
    </p>
   </div>
  </div>
 </body>
</html>
