2040 3412
912 256 996 301 203

151 368 411 425 praeficitur
465 367 688 418 Corbulo,
744 373 987 423 postquam
1047 368 1211 409 Paetus
1258 366 1335 408 diu
1384 364 1526 406 multa
1573 361 1757 404 molitus

148 449 260 493 nihil
304 449 559 505 profecerat
602 449 682 490 sed
727 448 771 490 in
815 461 1042 489 summum
1082 447 1325 489 discrimen
1358 458 1454 487 rem
1486 444 1755 486 adduxerat.

148 530 202 575 Id
236 530 359 572 hisce
393 529 542 572 verbis
575 529 762 570 Tacitus
793 528 1022 570 enuntiat:
1720 577 1723 581 ²

215 611 303 666 „Et
335 609 535 653 Corbulo
569 609 763 651 militum
796 615 934 664 atque
968 609 1166 650 hostiurn
1200 613 1270 649 tot
1302 621 1383 662 per
1415 619 1558 648 annos
1590 617 1756 659 gnarus

148 691 376 748 gerendae
425 691 507 732 rei·
537 690 818 746 praeficitur,
877 703 934 731 ne
982 689 1107 730 cuius
1154 688 1337 730 alterius
1385 686 1560 727 inscitia
1607 698 1757 726 rursus

149 771 460 828 peccaretur.”
489 778 496 783 '
820 824 822 826 Ι

211 851 318 894 Non
345 857 527 908 poterat
543 857 727 893 senatus
744 850 981 892 consilium
1000 850 1250 904 elegantius
1268 848 1340 890 vel
1358 848 1500 901 magis
1518 846 1754 902 perspicue

146 932 406 988 significari.
449 932 537 977 At.
557 932 602 973 in
645 937 775 974 textu
809 926 1028 973 adhaeret
1061 944 1238 985 pannus
1271 928 1618 971 absurdissimus
1649 926 1754 981 quia

81 1007 83 1009 ¹
117 1013 284 1057 .Paeta·
302 1003 532 1070 piguerat,
569 1013 612 1054 in
646 1012 811 1067 quibus
844 1011 994 1053 verbis
1027 1010 1136 1052 ni-hil
1171 1011 1299 1059 inest,
1333 1009 1456 1063 quod
1492 1021 1582 1049 non
1612 1006 1756 1048 multo

149 1095 383 1138 venustius
425 1094 575 1136 verbis
617 1108 669 1135 ne
709 1094 833 1135 cuius
874 1092 1064 1134 alterius
1095 1091 1271 1133 inscitia
1305 1103 1468 1131 rursus
1491 1096 1755 1144 peccaretur

148 1175 425 1225 declaretur;
469 1180 706 1229 praeterea
749 1173 939 1214 sciolum
981 1173 1066 1213 ista
1107 1171 1339 1220 redolent,
1383 1170 1460 1224 qui
1503 1170 1547 1210 in
1590 1168 1755 1210 Latine
1801 1185 1811 1193 ·

92 1246 94 1249 ¹
149 1256 391 1299 scribendo
423 1269 481 1297 ne
514 1255 797 1310 ineptissima
829 1253 1021 1310 quidem>
1048 1252 1219 1293 evitare
1253 1251 1453 1306 potuerit
1485 1249 1609 1290 vitia.

210 1337 269 1379 A.
303 1336 408 1386 XV,
441 1348 513 1389 40.
549 1336 806 1390 Nunquam⁴
828 1334 1030 1376 adducar
1063 1338 1112 1374 ut
1145 1333 1328 1374 credam
1362 1332 1509 1386 ipsum
1543 1330 1755 1371 Tacitum

147 1417 401 1473 scripsisse:
435 1417 631 1471 „quippe
651 1416 695 1457 in
713 1416 922 1470 regiones
940 1413 1307 1468 quattuordecim
1327 1412 1476 1453 Roma
1494 1408 1756 1459 dividitur‚”

149 1511 256 1540 nam
298 1498 335 1540 si
377 1497 642 1553 scripsisset,
688 1510 824 1538 nemo
868 1509 960 1537 non
1002 1494 1260 1548 aequalium
1295 1494 1338 1534 in
1374 1493 1486 1533 risus
1518 1491 1753 1546 erupisset,

151 1579 276 1634 quod
320 1578 378 1620 de
421 1569 468 1619 re
512 1583 607 1619 tam
641 1582 751 1619 nota
783 1577 1053 1618 edoceretur
1086 1574 1238 1616 etiam.
1288 1574 1349 1615 Et
1382 1579 1450 1615 est
1483 1572 1758 1613 scholiorum

148 1672 300 1701 sermo
347 1658 456 1700 iste:
506 1658 584 1708 sic,
633 1663 682 1699 ut
731 1671 756 1699 e
805 1651 1228 1710 multis'exemplis
1275 1668 1415 1695 unum
1464 1653 1662 1701 afferam,
1713 1653 1758 1693 in

34 1717 68 1782 s„
118 1738 329 1798 ⁴Horatii
362 1738 597 1780 codicibus
629 1738 687 1779 ad
722 1737 770 1780 C.
806 1737 850 1780 S.
885 1751 949 1779 VS.
985 1747 1010 1792 7
1040 1716 1307 1791 plerumque
1335 1739 1607 1776 annotatum
1635 1733 1757 1774 inve-

147 1820 318 1862 nimus:
359 1819 535 1873 „Roma
562 1819 606 1860 in
634 1824 813 1873 septem
841 1817 1032 1859 collibus
1059 1817 1308 1858 constituta
1326 1814 1437 1857 est.”
1468 1814 1559 1856 Sed
1579 1815 1758 1868 scripsit

145 1901 209 1942 sic
228 1900 321 1942 fere
339 1900 549 1941 Tacitus:
589 1899 873 1954 „Regionum
891 1898 1012 1939 enim
1031 1902 1247 1951 quattuor
1265 1897 1468 1950 integrae
1486 1895 1755 1945 manebant;

145 1987 238 2024 tres
254 1981 352 2023 solo
369 1987 502 2023 tenus
521 1981 740 2030 deiectae,
759 1985 937 2034 septem
955 1978 1139 2032 reliquis
1157 1990 1303 2032 pauca
1320 1982 1546 2018 tectorum
1565 1975 1756 2028 vestigia

144 2062 454 2118 supererant,’'
487 2075 591 2103 cum
619 2061 783 2115 quibus
810 2060 961 2102 verbis
977 2059 1238 2101 annotatio:
1263 2058 1459 2112 „quippe
1478 2057 1523 2097 in
1542 2057 1750 2110 regiones

149 2143 518 2198 quattuordecim
554 2142 702 2183 Roma
734 2140 982 2183 dividitur”
1017 2141 1080 2181 ita
1108 2145 1175 2180 est
1203 2138 1529 2193 conglutinata,
1560 2143 1608 2179 ut
1636 2152 1756 2179 nunc

149 2223 348 2278 legatur:
388 2223 583 2277 „quippe
617 2222 663 2262 in
697 2222 906 2276 regiones
939 2220 1308 2275 quattuordecim
1344 2219 1491 2260 Roma
1524 2218 1754 2267 dividitur,

151 2317 343 2358 quarum
376 2308 592 2357 quattuor
627 2316 665 2344 e.
685 2316 729 2356 q.
748 2301 828 2343 s.”.

210 2383 269 2424 A.
299 2382 404 2432 XV,
431 2394 503 2438 47.
539 2381 699 2435 „Sidus
726 2388 942 2431 cometes,
971 2381 1189 2434 sanguine
1208 2379 1367 2421 illustri
1385 2393 1565 2434 semper
1584 2379 1756 2420 Neroni

149 2462 428 2518 expiatum.''
478 2463 739 2517 Imperante
788 2462 967 2522 Nerone
1013 2460 1153 2502 semel
1197 2461 1518 2502 tantummodo
1560 2460 1755 2501 antehac

148 2548 350 2585 cometes
384 2544 504 2584 visus
536 2542 618 2584 fuit
647 2543 704 2584 A.
735 2542 864 2592 XIV,
896 2553 964 2583 22.
997 2541 1087 2583 Sed
1116 2542 1161 2583 z‘n
1189 2542 1444 2583 universum
1477 2540 1550 2581 hic
1576 2540 1755 2581 locutus

149 2628 216 2665 est
259 2623 458 2673 Tacitus,
502 2629 552 2665 ut
595 2629 641 2664 et
684 2623 796 2664 illic:
837 2623 918 2676 „de
953 2636 1044 2676 quo
1079 2610 1200 2676 vulgi
1233 2621 1388 2676 opinio
1422 2626 1490 2662 est
1519 2626 1754 2674 tamquam

150 2704 452 2745 mutationem
498 2704 616 2758 regis
659 2702 934 2758 portendat”
959 2702 1000 2757 ¹),
1049 2708 1093 2744 et
1136 2702 1378 2756 utrobique
1422 2701 1615 2743 eandem
1657 2715 1753 2742 rem

206 2835 241 2879 1)
268 2836 333 2869 Cff.
356 2836 524 2880 praeclari
547 2836 648 2869 Statii
670 2837 839 2869 versus·T
842 2837 875 2870 h.
899 2837 928 2878 Ι,
952 2836 1106 2879 705„ubi
1121 2837 1169 2868 sic
1184 2836 1312 2879 aliquis
1327 2825 1532 2878 Apollinem
1545 2836 1754 2879 alloquitur:

1015 2895 1068 2926 Tu
1093 2894 1217 2926 doctus
1242 2895 1381 2937 iniquas

393 2953 574 2985 Parcarum
599 2963 788 2996 praenosse
813 2963 934 2985 manus
960 2953 1139 2996 fatumque
1167 2953 1263 2996 quod
1289 2953 1379 2985 ultra
1403 2958 1454 2985 est
