2040 3412
77 63 80 64 γ
104 57 115 67 ,a
125 62 127 64 .

54 71 60 77 ε
65 66 93 79 A*
99 66 130 83 Ἀἱ

862 295 916 338 33

39 384 392 456 ζ ῑίωρτονίἀυῐη
436 407 483 444 et
524 401 702 445 facilem
735 404 958 455 inanibus,
991 406 1049 448 ad
1082 405 1417 450 Chaldaeorum
1452 410 1687 464 promissa,

43 464 322 540 {magorum
363 495 503 532 sacra,
547 483 827 525 somniorum
869 485 1008 526 etiam
1047 486 1319 541 interpretes
1351 489 1545 544 impulit,
1578 491 1688 532 dum

39 546 308 621 {stproavum
368 561 650 616 Pompeium,
704 564 890 606 amitam
941 564 1240 617 Scriboniam,
1290 582 1406 622 quae
1456 571 1688 624 quondam

43 622 282 696 &Augusti
314 641 515 683 coniunx
547 642 705 693 fuerat,
739 644 1037 686 consobrinos
1065 645 1293 699 CaesareS,
1322 648 1505 703 plenam
1533 650 1688 705 imagi-

67 710 218 764 :suibus
260 721 448 763 domum
490 727 706 773 ostentat,
748 723 1046 779 hortaturque
1090 727 1148 768 ad
1192 726 1348 769 luxum
1391 734 1438 770 et
1475 743 1551 770 aes
1582 730 1687 771 alie-

65 807 208 857 jjssaum‚
251 800 399 842 socius
429 800 670 844 libidinum
703 808 750 844 et
782 805 1119 856 necessitatum,
1153 819 1245 860 quo
1277 807 1480 861 pluribus
1512 809 1690 851 indiciis

62 873 308 941 {inligaret

39 944 85 1022 »ᾖξε
143 957 191 1002 Si
212 960 344 1008 *Libo
375 960 559 1003 liberius
591 961 846 1017 lautiusque
879 964 992 1006 vivit
1024 969 1072 1006 et
1103 979 1180 1006 aes
1212 965 1409 1008 alienum
1443 968 1686 1018 contrahit,

33 1020 237 1097 {spalam
265 1039 316 1082 fit
343 1054 446 1083 eum
473 1055 650 1084 summa
676 1056 886 1098 quaeque
913 1057 1095 1099 sperare
1123 1051 1170 1087 et
1197 1053 1478 1101 exspectare,
1502 1049 1688 1102 eiusque

33 1102 207 1186 Jvitae
238 1119 377 1163 Catus
409 1135 594 1163 consors
626 1136 729 1164 cum
762 1123 826 1173 fit,
861 1124 1004 1166 multa
1036 1126 1081 1166 in
1116 1125 1342 1168 Libonem
1376 1133 1529 1182 potest
1567 1128 1689 1170 colli-

45 1211 194 1255 gere.
246 1200 427 1243 indicia.
476 1201 579 1243 Hoc
627 1203 684 1244 ad
734 1203 1081 1258 intelligendum
1129 1219 1220 1247 non
1266 1206 1329 1248 ita
1376 1213 1445 1248 est
1493 1208 1687 1250 difficile.

33 1272 232 1336 {Magis
257 1280 303 1322 in
332 1281 565 1323 vocabulis
590 1283 732 1324 socius
759 1285 1063 1327 necessitatum
1091 1285 1343 1328 haeremus.
1374 1288 1491 1329 Nam
1520 1289 1556 1329 si
1575 1301 1688 1330 voce

49 1397 59 1415 ⁴,
82 1361 353 1403 necessitates
383 1361 626 1416 significari
658 1364 878 1405 sumimus
910 1365 981 1406 rei
1001 1366 1267 1420 familiaris
1297 1375 1531 1422 egestatem
1559 1377 1689 1423 atque

71 1441 292 1496 inopiam,
335 1455 495 1496 rogare
537 1443 683 1484 subit:
734 1458 1019 1498 „unquamne
1054 1447 1294 1500 quisquam
1327 1447 1371 1488 in
1405 1462 1507 1489 aere
1540 1448 1689 1490 alieno

31 1512 44 1580 ⁷}
83 1520 398 1564 contrahendo
441 1536 489 1564 se
531 1522 605 1564 alii
649 1524 728 1565 dat
771 1525 1002 1575 comitem,
1049 1526 1189 1580 idque
1232 1528 1337 1568 ideo
1380 1534 1429 1569 ut
1467 1528 1583 1570 illius
1616 1543 1689 1571 co-

81 1607 273 1656 gnoscat
315 1603 502 1644 consilia
543 1609 719 1645 secreta
733 1603 775 1645 ?”
820 1605 935 1647 Tam
978 1606 1174 1648 absurda
1216 1621 1269 1648 ea
1312 1622 1382 1649 res
1423 1609 1604 1651 videtur
1641 1616 1691 1651 ut

8 1683 40 1746 ⁷23
82 1694 336 1736 propensus
378 1682 459 1724 fias
502 1685 561 1725 ad
595 1685 875 1727 credendum
909 1675 1211 1729 necessitatum
1246 1689 1309 1729 ita
1341 1689 1486 1743 accipi
1521 1689 1689 1748 debere

22 1760 133 1807 at
164 1761 288 1804 idem
319 1763 377 1804 sit
411 1764 535 1818 quod
570 1766 947 1807 necessitudinum.
983 1766 1074 1809 Sed
1111 1768 1174 1809 ita
1209 1781 1369 1809 vocem
1403 1768 1527 1815 illam
1553 1769 1689 1811 inter-

83 1842 251 1896 pretari
284 1847 330 1884 te
363 1848 490 1884 vetat
522 1845 787 1899 perspicuus
825 1846 1207 1900 „parallelismus”
1241 1848 1317 1902 qui
1345 1854 1414 1890 est
1442 1849 1487 1890 in
1517 1849 1688 1891 verbis:

82 1920 296 1964 hortatur
341 1923 407 1965 ad
444 1923 600 1966 luxum
643 1933 686 1967 et
723 1939 798 1967 aes
839 1926 1030 1968 alienum
1050 1959 1059 1967 .
1080 1959 1090 1968 .
1111 1959 1120 1968 .
1141 1960 1150 1968 .
1193 1928 1334 1969 socius
1375 1929 1606 1970 libidinum
1650 1938 1692 1971 et

83 1983 402 2048 necessitatumJ
444 2004 628 2059 Ergone
671 2006 812 2048 socius
853 2006 989 2061 paulo
1030 2006 1215 2048 liberius
1256 2008 1607 2063 interpretemur
1641 2014 1689 2050 ut

84 2067 223 2125 catus
265 2096 358 2125 non
401 2084 579 2126 dicatur
621 2091 667 2126 et
700 2086 796 2140 ipse
830 2100 907 2128 aes
939 2088 1220 2129 contraxisse
1252 2087 1464 2138 alienum,
1499 2089 1578 2129 sed
1611 2089 1689 2130 ad-

83 2161 218 2204 fuisse
261 2165 598 2214 tantummodo,
645 2179 748 2206 cum
792 2167 943 2207 denuo
978 2168 1218 2221 pecuniam
1253 2174 1459 2209 mutuam
1491 2175 1690 2210 sumeret

84 2241 203 2284 Libo
235 2248 282 2284 et
307 2257 435 2285 suam
461 2244 784 2299 interposuisse
813 2245 980 2287 fidem?
1009 2247 1203 2288 Difficile
1232 2253 1301 2288 est
1329 2248 1578 2302 quidquam
1607 2262 1689 2302 pro

84 2328 210 2366 certo
251 2324 489 2375 affirmare,
532 2326 638 2380 quia
671 2332 770 2367 tota
804 2327 1002 2368 narratio
1036 2328 1114 2368 vix
1147 2327 1283 2369 ullam
1316 2328 1456 2369 habet
1488 2329 1688 2382 speciem

19 2392 41 2445 ²}
83 2404 192 2446 veri.
234 2403 328 2446 Ain
370 2403 507 2446 vero?
551 2405 913 2448 Adolescentem
947 2407 1003 2448 de
1038 2407 1210 2448 insidiis
1243 2408 1429 2449 Tiberio
1462 2409 1689 2449 struendis

14 2465 39 2541 s]
79 2496 142 2526 -ne
168 2484 449 2539 cogitantem
476 2486 662 2539 quidem
690 2486 828 2527 Catus
856 2486 1086 2541 impulerit
1114 2493 1163 2528 ut
1190 2501 1244 2528 ea
1270 2493 1474 2541 speraret
1503 2501 1689 2542 exspec-

83 2568 292 2619 taretque
335 2578 452 2618 quae
496 2565 581 2619 ipsi
625 2565 802 2606 funesta
846 2572 975 2607 erant
1008 2565 1168 2616 futura,
1203 2567 1353 2621 adque
1387 2580 1462 2608 eas
1495 2567 1690 2621 ineptias

84 2656 189 2685 eum
221 2644 280 2685 sit
311 2644 592 2695 adhortatus,
626 2659 743 2699 quae
776 2645 892 2687 illius
920 2647 1017 2700 spei
1045 2647 1213 2687 indicio
1242 2652 1406 2696 essent,
1436 2647 1574 2700 idque
1603 2646 1689 2688 hoc

17 2723 33 2758 ἶ
85 2723 274 2765 consilio
305 2729 356 2765 ut
389 2725 484 2779 ipse
518 2724 695 2766 delator
728 2726 823 2766 eius
857 2725 952 2766 fieri
986 2732 1142 2780 posset
1176 2732 1222 2767 et
1254 2727 1317 2767 sic
1351 2727 1463 2767 inire
1496 2727 1688 2780 gratiam

30 2803 39 2829 ³*
85 2801 269 2852 Tiberii,
304 2817 396 2858 quo
429 2817 566 2845 nemo
600 2818 801 2858 unquam
836 2805 919 2846 fuit
951 2805 1126 2847 sobrius
1160 2807 1303 2860 magis
1331 2811 1376 2847 et
1410 2805 1532 2859 „falsi
1560 2806 1691 2847 intel-

17 2870 30 2912 ss
84 2881 297 2937 legens”?
335 2883 558 2933 Profecto,
593 2884 704 2925 haec
738 2885 892 2926 omnia
924 2885 960 2926 si
994 2885 1101 2926 fecit
1134 2884 1286 2935 Catus,
1310 2885 1574 2940 prodigium
1607 2884 1690 2926 fuit

77 2962 329 3016 pravitatis
374 2962 537 3003 Tacito
585 2963 790 3004 Annales
837 2977 941 3004 suos
988 2963 1204 3004 scribenti
1248 2964 1567 3018 gratissimum,
1610 2963 1690 3003 sed

31 3044 35 3046 “
1478 3050 1498 3083 3
