2040 3412
1070 288 1160 332 *152

385 394 560 446 „Tanto
603 395 850 450 impensius
892 398 936 439 in
979 401 1269 443 securitatem
1308 404 1598 458 compositus,
1633 391 1955 469 ηεᾳυείοαοξ

321 487 468 527 neque
503 474 629 516 vultu
664 482 853 526 mutato,
886 479 980 528 sed,
1013 485 1063 520 ut
1094 480 1290 531 solitum,
1325 496 1406 537 per
1431 483 1531 524 illos
1559 484 1655 525 dies
1681 485 1787 539 egit,
1813 472 1978 543 αΙίῖὶᾷ

319 554 478 594 tudine
504 555 656 605 animi,
683 569 740 597 an
768 565 1053 612 compererat
1081 561 1260 603 modica
1288 575 1384 603 esse
1407 567 1453 604 et
1481 563 1675 618 vulgatis
1701 547 1974 607 leviorassffl'f

381 633 473 674 Ain
512 634 648 676 vero?
681 635 762 686 Tu,
798 638 874 691 qui
908 643 978 680 tot
1009 641 1139 681 annis
1172 647 1276 695 post
1308 643 1364 684 de
1397 642 1473 684 illo
1505 650 1712 699 tempore
1742 629 1970 703 scribis-{5³55

323 714 464 768 probe
509 716 626 756 nosti
668 725 820 759 cuncta
862 719 907 760 in
951 721 1095 762 maius
1133 729 1263 764 aucta
1303 722 1450 773 fuisse,
1485 729 1531 765 et
1563 725 1745 767 dubitas
1776 708 1982 786 etiamsi]

320 799 470 835 utrum
514 795 733 847 Tiberius,
773 799 849 852 qui
882 799 927 840 in
961 801 1121 842 mediis
1153 801 1237 843 illis
1270 803 1443 844 viveret
1474 804 1608 846 rebus
1639 810 1686 846 et
1716 792 1979 862 αεῒεὶεθωῖζῇὲ

322 875 437 916 inter
480 876 626 917 varios
668 878 844 932 imperii
888 879 1042 922 hostes
1083 882 1293 932 trivisset,
1336 884 1458 925 idem
1501 890 1660 926 notum
1691 871 1986 942 habuerit4³,}

321 968 378 996 an
415 969 462 996 se
495 969 678 1011 quoque
710 957 951 1000 sollicitum
984 974 1081 1002 esse
1114 950 1490 1005 dissimulaverit?
1522 964 1773 1007 Domitiani
1804 962 1916 1007 illud

320 1040 559 1085 secretum,
593 1036 702 1078 mihi
736 1039 883 1088 crede,
917 1039 1000 1080 tibi
1033 1041 1262 1095 imposuit.
1298 1042 1420 1084 Nihil
1454 1044 1575 1085 enim
1606 1042 1882 1087 absurdius
1869 1039 1987 1089 m}

322 1120 524 1156 mentem
566 1116 648 1158 tibi
692 1118 846 1159 venire
890 1121 1037 1173 potuit
1081 1135 1217 1175 quam
1260 1122 1332 1163 hic
1375 1137 1557 1177 quoque
1596 1125 1654 1166 de
1685 1123 1997 1175 altitudine

321 1196 464 1236 animi
494 1196 676 1238 iniicere
708 1198 1027 1253 suspicionem.
1982 1199 1986 1206 ’

382 1275 441 1317 A
486 1276 566 1326 IV,
613 1277 652 1318 8.
697 1277 885 1320 Seianus
928 1281 1134 1322 necando
1180 1281 1340 1332 Druso,
1385 1282 1555 1325 Tiberii
1597 1283 1704 1336 filio,
1742 1284 1982 1328 lentum

323 1369 548 1398 venenum
583 1357 764 1412 delegit,
799 1360 861 1400 ita
894 1365 942 1400 ut
975 1360 1136 1402 morbo
1167 1362 1342 1403 absumi
1375 1362 1448 1404 ille
1486 1364 1739 1407 videretur:
1857 1346 1860 1350 ἱ
1968 1409 1983 1414 ,,

387 1436 620 1488 „Tiberius
647 1451 728 1492 per
754 1452 912 1481 omnes
939 1440 1200 1482 valitudinis
1227 1442 1322 1483 eius
1345 1442 1440 1484 dies
1458 1475 1468 1484 .
1488 1474 1498 1484 .
1518 1475 1527 1484 .
1547 1443 1683 1486 etiam
1702 1442 1921 1495 defuncto

324 1516 518 1557 necdum
551 1518 743 1572 sepulto,
779 1519 948 1561 curiam
981 1520 1205 1575 ingressus
1238 1521 1350 1563 est.”
1746 1523 1748 1527 ’
1963 1575 1971 1580 ..

384 1597 434 1638 In
478 1599 639 1651 quovis
672 1599 775 1649 alio,
809 1605 858 1641 ut
892 1587 1067 1655 opinor,
1101 1602 1173 1643 hic
1207 1602 1347 1644 virtus
1379 1603 1566 1657 antiqua
1599 1617 1794 1659 vereque
1827 1603 1919 1647 Ro·

324 1691 457 1718 mana
489 1678 760 1721 laudaretur.
796 1679 885 1722 Sed
919 1681 1103 1722 Tiberio
1137 1681 1246 1723 nihil
1279 1696 1359 1736 per
1390 1682 1600 1724 Tacitum
1633 1682 1780 1725 facere
1810 1682 1920 1727 licet

322 1758 430 1811 quin
453 1759 653 1813 speciem
672 1760 889 1814 praebeat
906 1767 983 1802 aut
1006 1762 1219 1803 virtutem
1238 1763 1508 1804 ostentantis
1523 1769 1602 1806 aut
1619 1763 1920 1818 cogitationes

323 1851 424 1879 suas
458 1839 793 1881 dissimulantis.
828 1841 897 1882 De
932 1855 1057 1885 more
1091 1856 1198 1896 ergo
1231 1842 1303 1884 hic
1337 1856 1520 1897 quoque
1551 1843 1853 1886 interiicitur‘:

387 1919 531 1971 „nullo
564 1927 690 1969 metu,
725 1934 783 1961 an
815 1928 865 1962 ut
885 1921 1214 1977 firmitudinem
1247 1923 1390 1964 am’mz'
1419 1921 1691 1966 ostentaret’*

323 1998 386 2039 sic
429 2000 564 2049 enim,
609 2013 664 2041 ne
707 2001 742 2041 si
785 2001 842 2041 de
885 2002 1191 2043 ostentatione
1234 2002 1419 2056 quidem
1453 2002 1703 2057 quidquam
1734 2001 1921 2045 credere

324 2079 546 2130 nolumus,
574 2079 688 2121 ullus
714 2082 879 2123 virtuti
904 2081 1171 2136 relinquitur
1198 2081 1345 2123 locus:
1375 2095 1466 2123 non
1493 2082 1576 2124 fuit
1604 2081 1763 2124 firmus
1783 2078 1925 2142 Tibe-:-
1956 2079 1989 2142 ἦέ

322 2159 412 2200 rius
454 2165 500 2200 et
543 2159 696 2201 dilecti
741 2160 818 2201 filii
862 2160 1021 2202 morbo
1059 2162 1371 2212 inconcussus;
1407 2162 1530 2216 quod
1564 2162 1609 2203 in
1642 2158 1992 2223 quotidianis

321 2239 499 2280 assidue
526 2241 759 2294 perstabat
777 2241 970 2294 negotiis
988 2241 1181 2282 cuiusvis
1199 2242 1336 2282 etiam
1354 2241 1567 2282 levissimi
1585 2246 1681 2284 erat
1697 2241 1894 2284 hominis
1905 2235 1988 2308 :glsf'j

323 2320 555 2361 nesciebat
587 2321 708 2361 enim
741 2333 926 2374 gravem
959 2320 1083 2361 illum
1118 2321 1326 2362 morbum
1359 2334 1469 2362 esse.
1962 2372 1987 2387 '¹'-

383 2399 506 2440 Ann.
540 2399 621 2446 VI,
662 2411 695 2440 1.
734 2399 924 2452 „Caesar
951 2400 1172 2450 tramisso,
1202 2402 1325 2454 quod
1353 2400 1550 2455 Capreas
1577 2405 1630 2442 et*
1651 2399 1917 2457 Sorrentum

323 2479 536 2529 interluit,
571 2479 698 2529 freto,
735 2479 1031 2534 Campaniam
1065 2480 1370 2535 praelegebat,
1404 2481 1641 2535 ambiguus
1672 2493 1731 2522 an
1752 2467 1931 2525 urbem.

323 2560 524 2609 intraret,
542 2573 620 2601 seu
634 2560 739 2614 quia
751 2565 910 2600 contra
922 2560 1243 2609 destinaverat,
1255 2561 1455 2615 speciem
1467 2560 1645 2602 venturi
1658 2558 1926 2623 simulansffff
1938 2559 1986 2625 „33

382 2640 519 2681 Mitto
553 2653 671 2681 nunc
705 2639 838 2694 plane
872 2641 1066 2681 otiosam
1098 2640 1396 2682 simulationis
1429 2641 1562 2681 istam
1588 2626 1981 2695 ειιεῑρίεἰοτκτιτι-ς,4ἦ

324 2733 460 2775 unum
494 2720 596 2761 dico
628 2720 843 2761 adversus
876 2719 984 2761 illud
1018 2720 1187 2761 crimen
1222 2720 1478 2761 mortalium
1507 2720 1736 2761 neminem
1767 2713 1990 2786 tntum?

324 2812 433 2840 esse.
467 2799 717 2840 Videamus
749 2800 1008 2853 sequentia:
1935 2787 1972 2856 J„

390 2879 476 2931 „Et
523 2892 659 2933 saepe
703 2879 747 2919 in
790 2880 1047 2933 propinqua
1089 2879 1326 2933 digressus,
1370 2879 1504 2920 aditis
1546 2879 1672 2920 iuxta
1713 2877 1941 2927 Tiberim

323 2957 477 3007 hortis,
511 2971 620 2999 saxa
651 2973 824 3000 rursum
857 2964 902 3000 et
934 2958 1224 3000 solitudinem
1258 2958 1392 3000 maris
1425 2956 1649 3013 repetiit?
