<?xml version="1.0" encoding="UTF-8"?>
<!DOCTYPE html PUBLIC "-//W3C//DTD XHTML 1.0 Transitional//EN"
    "http://www.w3.org/TR/xhtml1/DTD/xhtml1-transitional.dtd">
<html xmlns="http://www.w3.org/1999/xhtml" xml:lang="en" lang="en">
 <head>
  <title>
</title>
<meta http-equiv="Content-Type" content="text/html;charset=utf-8" />
  <meta name='ocr-system' content='tesseract 3.04.00' />
  <meta name='ocr-capabilities' content='ocr_page ocr_carea ocr_par ocr_line ocrx_word'/>
</head>
<body>
  <div class='ocr_page' id='page_1' title='image "analectatacitea00hartuoft_0245.png"; bbox 0 0 2040 3412; ppageno 0'>
   <div class='ocr_carea' id='block_1_1' title="bbox 0 0 95 2691">
    <p class='ocr_par' dir='ltr' id='par_1_1' title="bbox 0 0 95 2691">
     <span class='ocr_line' id='line_1_1' title="bbox 0 0 95 2691; baseline 0 0"><span class='ocrx_word' id='word_1_1' title='bbox 0 0 95 2691; x_wconf 95' lang='lat' dir='ltr'><strong> </strong></span> 
     </span>
    </p>
   </div>
   <div class='ocr_carea' id='block_1_2' title="bbox 887 258 972 304">
    <p class='ocr_par' dir='ltr' id='par_1_2' title="bbox 887 258 972 304">
     <span class='ocr_line' id='line_1_2' title="bbox 887 258 972 304; baseline 0 0"><span class='ocrx_word' id='word_1_2' title='bbox 887 258 972 304; x_wconf 86' lang='lat'><strong>237</strong></span> 
     </span>
    </p>
   </div>
   <div class='ocr_carea' id='block_1_3' title="bbox 138 370 1737 425">
    <p class='ocr_par' dir='ltr' id='par_1_3' title="bbox 138 370 1737 425">
     <span class='ocr_line' id='line_1_3' title="bbox 138 370 1737 425; baseline 0 -13"><span class='ocrx_word' id='word_1_3' title='bbox 138 402 142 405; x_wconf 90' lang='lat'>-</span> <span class='ocrx_word' id='word_1_4' title='bbox 186 371 273 413; x_wconf 91' lang='lat' dir='ltr'><strong>Hic</strong></span> <span class='ocrx_word' id='word_1_5' title='bbox 318 370 513 425; x_wconf 88' lang='lat' dir='ltr'><strong>primum</strong></span> <span class='ocrx_word' id='word_1_6' title='bbox 547 370 735 411; x_wconf 91' lang='lat' dir='ltr'><strong>dubium</strong></span> <span class='ocrx_word' id='word_1_7' title='bbox 771 384 861 412; x_wconf 91' lang='lat' dir='ltr'><strong>non</strong></span> <span class='ocrx_word' id='word_1_8' title='bbox 896 377 964 412; x_wconf 91' lang='lat' dir='ltr'><strong>est</strong></span> <span class='ocrx_word' id='word_1_9' title='bbox 997 371 1106 425; x_wconf 90' lang='lat' dir='ltr'><strong>quin</strong></span> <span class='ocrx_word' id='word_1_10' title='bbox 1141 384 1297 412; x_wconf 92' lang='lat' dir='ltr'><strong>verum</strong></span> <span class='ocrx_word' id='word_1_11' title='bbox 1330 371 1495 412; x_wconf 88' lang='lat' dir='ltr'><strong>viderit</strong></span> <span class='ocrx_word' id='word_1_12' title='bbox 1531 371 1737 412; x_wconf 89' lang='lat' dir='ltr'><strong>Ritterus</strong></span> 
     </span>
    </p>
   </div>
   <div class='ocr_carea' id='block_1_4' title="bbox 50 450 1732 586">
    <p class='ocr_par' dir='ltr' id='par_1_4' title="bbox 50 450 1732 586">
     <span class='ocr_line' id='line_1_4' title="bbox 58 450 1731 506; baseline -0.001 -12"><span class='ocrx_word' id='word_1_13' title='bbox 58 451 66 459; x_wconf 75' lang='grc'><em>”</em></span> <span class='ocrx_word' id='word_1_14' title='bbox 123 465 267 494; x_wconf 86' lang='lat' dir='ltr'><strong>vocem</strong></span> <span class='ocrx_word' id='word_1_15' title='bbox 310 464 411 492; x_wconf 86' lang='lat' dir='ltr'><strong>eam</strong></span> <span class='ocrx_word' id='word_1_16' title='bbox 453 464 545 498; x_wconf 86' lang='lat' dir='ltr'><strong>non</strong></span> <span class='ocrx_word' id='word_1_17' title='bbox 588 451 876 505; x_wconf 88' lang='lat' dir='ltr'><strong>imperatoris</strong></span> <span class='ocrx_word' id='word_1_18' title='bbox 919 451 999 493; x_wconf 90' lang='lat' dir='ltr'><strong>sed</strong></span> <span class='ocrx_word' id='word_1_19' title='bbox 1037 450 1185 492; x_wconf 89' lang='lat' dir='ltr'><strong>fratris</strong></span> <span class='ocrx_word' id='word_1_20' title='bbox 1218 451 1313 493; x_wconf 90' lang='lat' dir='ltr'><strong>eius</strong></span> <span class='ocrx_word' id='word_1_21' title='bbox 1348 450 1497 501; x_wconf 87' lang='lat' dir='ltr'><strong>fuisse,</strong></span> <span class='ocrx_word' id='word_1_22' title='bbox 1531 465 1731 506; x_wconf 87' lang='lat' dir='ltr'><strong>ergoque</strong></span> 
     </span>
     <span class='ocr_line' id='line_1_5' title="bbox 50 524 1732 586; baseline -0.001 -12"><span class='ocrx_word' id='word_1_23' title='bbox 50 524 54 574; x_wconf 74' lang='lat'><em>{</em></span> <span class='ocrx_word' id='word_1_24' title='bbox 121 531 174 576; x_wconf 85' lang='lat' dir='ltr'><strong>L.</strong></span> <span class='ocrx_word' id='word_1_25' title='bbox 203 530 370 574; x_wconf 84' lang='lat' dir='ltr'><strong>Vitellii</strong></span> <span class='ocrx_word' id='word_1_26' title='bbox 395 544 492 571; x_wconf 80' lang='lat' dir='ltr'><strong>esse</strong></span> <span class='ocrx_word' id='word_1_27' title='bbox 520 529 788 585; x_wconf 84' lang='lat' dir='ltr'><strong>legendum:</strong></span> <span class='ocrx_word' id='word_1_28' title='bbox 819 545 924 572; x_wconf 89' lang='lat' dir='ltr'><strong>nam</strong></span> <span class='ocrx_word' id='word_1_29' title='bbox 951 531 987 572; x_wconf 88' lang='lat' dir='ltr'><strong>si</strong></span> <span class='ocrx_word' id='word_1_30' title='bbox 1015 531 1073 572; x_wconf 88' lang='lat' dir='ltr'><strong>ab</strong></span> <span class='ocrx_word' id='word_1_31' title='bbox 1103 531 1200 586; x_wconf 94' lang='lat' dir='ltr'><strong>ipso</strong></span> <span class='ocrx_word' id='word_1_32' title='bbox 1229 531 1504 586; x_wconf 82' lang='lat' dir='ltr'><strong>imperatore</strong></span> <span class='ocrx_word' id='word_1_33' title='bbox 1531 531 1732 574; x_wconf 84' lang='lat' dir='ltr'>crudelia</span> 
     </span>
    </p>
   </div>
   <div class='ocr_carea' id='block_1_5' title="bbox 121 610 1732 666">
    <p class='ocr_par' dir='ltr' id='par_1_5' title="bbox 121 610 1732 666">
     <span class='ocr_line' id='line_1_6' title="bbox 121 610 1732 666; baseline 0.001 -14"><span class='ocrx_word' id='word_1_34' title='bbox 121 610 198 663; x_wconf 78' lang='lat' dir='ltr'><strong>illa</strong></span> <span class='ocrx_word' id='word_1_35' title='bbox 224 611 364 652; x_wconf 91' lang='lat' dir='ltr'><strong>verba</strong></span> <span class='ocrx_word' id='word_1_36' title='bbox 391 611 686 665; x_wconf 87' lang='lat' dir='ltr'><strong>pronuntiata</strong></span> <span class='ocrx_word' id='word_1_37' title='bbox 712 610 912 660; x_wconf 86' lang='lat' dir='ltr'><strong>fuissent,</strong></span> <span class='ocrx_word' id='word_1_38' title='bbox 944 611 1004 652; x_wconf 90' lang='lat' dir='ltr'><strong>nil</strong></span> <span class='ocrx_word' id='word_1_39' title='bbox 1033 625 1147 666; x_wconf 93' lang='lat' dir='ltr'><strong>opus</strong></span> <span class='ocrx_word' id='word_1_40' title='bbox 1174 611 1330 653; x_wconf 89' lang='lat' dir='ltr'><strong>fuisset</strong></span> <span class='ocrx_word' id='word_1_41' title='bbox 1358 611 1445 654; x_wconf 90' lang='lat' dir='ltr'><strong>alia</strong></span> <span class='ocrx_word' id='word_1_42' title='bbox 1462 618 1732 666; x_wconf 89' lang='lat' dir='ltr'><strong>argumenta</strong></span> 
     </span>
    </p>
   </div>
   <div class='ocr_carea' id='block_1_6' title="bbox 28 677 1735 990">
    <p class='ocr_par' dir='ltr' id='par_1_6' title="bbox 28 677 1735 990">
     <span class='ocr_line' id='line_1_7' title="bbox 28 677 1728 740; baseline 0.001 -8"><span class='ocrx_word' id='word_1_43' title='bbox 28 677 65 718; x_wconf 46' lang='grc' dir='ltr'><strong>ῙΪ</strong></span> <span class='ocrx_word' id='word_1_44' title='bbox 121 690 281 740; x_wconf 84' lang='lat' dir='ltr'><strong>afferre</strong></span> <span class='ocrx_word' id='word_1_45' title='bbox 314 691 371 732; x_wconf 88' lang='lat' dir='ltr'><strong>ad</strong></span> <span class='ocrx_word' id='word_1_46' title='bbox 401 691 808 733; x_wconf 85' lang='lat' dir='ltr'><strong>demonstrandum</strong></span> <span class='ocrx_word' id='word_1_47' title='bbox 837 691 1054 732; x_wconf 87' lang='lat' dir='ltr'><strong>credibile</strong></span> <span class='ocrx_word' id='word_1_48' title='bbox 1082 705 1178 732; x_wconf 90' lang='lat' dir='ltr'><strong>esse</strong></span> <span class='ocrx_word' id='word_1_49' title='bbox 1209 691 1324 734; x_wconf 91' lang='lat' dir='ltr'><strong>illius</strong></span> <span class='ocrx_word' id='word_1_50' title='bbox 1353 693 1472 734; x_wconf 90' lang='lat' dir='ltr'><strong>iussu</strong></span> <span class='ocrx_word' id='word_1_51' title='bbox 1502 707 1728 734; x_wconf 89' lang='lat' dir='ltr'><strong>venenum</strong></span> 
     </span>
     <span class='ocr_line' id='line_1_8' title="bbox 121 771 1729 828; baseline 0.002 -15.801"><span class='ocrx_word' id='word_1_52' title='bbox 121 771 300 828; x_wconf 85' lang='lat' dir='ltr'><strong>datum:</strong></span> <span class='ocrx_word' id='word_1_53' title='bbox 330 785 438 826; x_wconf 90' lang='lat' dir='ltr'><strong>prae</strong></span> <span class='ocrx_word' id='word_1_54' title='bbox 465 771 550 812; x_wconf 89' lang='lat' dir='ltr'><strong>illis</strong></span> <span class='ocrx_word' id='word_1_55' title='bbox 579 772 699 813; x_wconf 92' lang='lat' dir='ltr'><strong>enim</strong></span> <span class='ocrx_word' id='word_1_56' title='bbox 724 771 835 813; x_wconf 88' lang='lat' dir='ltr'><strong>haec</strong></span> <span class='ocrx_word' id='word_1_57' title='bbox 854 773 1104 814; x_wconf 86' lang='lat' dir='ltr'>admodum</span> <span class='ocrx_word' id='word_1_58' title='bbox 1123 772 1301 814; x_wconf 87' lang='lat' dir='ltr'><strong>infirma</strong></span> <span class='ocrx_word' id='word_1_59' title='bbox 1318 774 1461 815; x_wconf 90' lang='lat' dir='ltr'><strong>videri</strong></span> <span class='ocrx_word' id='word_1_60' title='bbox 1481 774 1729 816; x_wconf 86' lang='lat' dir='ltr'><strong>debebant.</strong></span> 
     </span>
     <span class='ocr_line' id='line_1_9' title="bbox 44 851 1735 909; baseline 0.001 -13.997"><span class='ocrx_word' id='word_1_61' title='bbox 44 851 75 895; x_wconf 55' lang='lat' dir='ltr'>J</span> <span class='ocrx_word' id='word_1_62' title='bbox 121 851 218 894; x_wconf 86' lang='lat' dir='ltr'><strong>Iam</strong></span> <span class='ocrx_word' id='word_1_63' title='bbox 258 852 382 906; x_wconf 81' lang='lat' dir='ltr'><strong>quod</strong></span> <span class='ocrx_word' id='word_1_64' title='bbox 425 852 482 894; x_wconf 88' lang='lat' dir='ltr'><strong>ad</strong></span> <span class='ocrx_word' id='word_1_65' title='bbox 525 852 773 893; x_wconf 88' lang='lat' dir='ltr'><strong>absurdum</strong></span> <span class='ocrx_word' id='word_1_66' title='bbox 806 852 915 900; x_wconf 88' lang='lat' dir='ltr'><strong>illud</strong></span> <span class='ocrx_word' id='word_1_67' title='bbox 950 853 1085 895; x_wconf 88' lang='lat' dir='ltr'><strong>nobili</strong></span> <span class='ocrx_word' id='word_1_68' title='bbox 1109 854 1279 908; x_wconf 84' lang='lat' dir='ltr'><strong>gaudio</strong></span> <span class='ocrx_word' id='word_1_69' title='bbox 1312 855 1523 909; x_wconf 85' lang='lat' dir='ltr'><strong>pertinet,</strong></span> <span class='ocrx_word' id='word_1_70' title='bbox 1558 868 1640 909; x_wconf 93' lang='lat' dir='ltr'><strong>pro</strong></span> <span class='ocrx_word' id='word_1_71' title='bbox 1673 860 1735 896; x_wconf 66' lang='lat' dir='ltr'><strong>eo&#39;</strong></span> 
     </span>
     <span class='ocr_line' id='line_1_10' title="bbox 51 921 1728 990; baseline 0.001 -15"><span class='ocrx_word' id='word_1_72' title='bbox 51 942 55 950; x_wconf 69' lang='lat'>‘</span> <span class='ocrx_word' id='word_1_73' title='bbox 120 921 305 976; x_wconf 80' lang='lat' dir='ltr'><strong>notabili</strong></span> <span class='ocrx_word' id='word_1_74' title='bbox 339 932 508 987; x_wconf 84' lang='lat' dir='ltr'><strong>gaudio</strong></span> <span class='ocrx_word' id='word_1_75' title='bbox 550 931 660 986; x_wconf 90' lang='lat' dir='ltr'><strong>legit</strong></span> <span class='ocrx_word' id='word_1_76' title='bbox 704 932 920 983; x_wconf 64' lang='lat' dir='ltr'><strong>Faernus,</strong></span> <span class='ocrx_word' id='word_1_77' title='bbox 956 934 1218 975; x_wconf 89' lang='lat' dir='ltr'><strong>coniectura</strong></span> <span class='ocrx_word' id='word_1_78' title='bbox 1251 933 1603 990; x_wconf 82' lang='lat' dir='ltr'><strong>elegantissima,</strong></span> <span class='ocrx_word' id='word_1_79' title='bbox 1638 949 1728 990; x_wconf 91' lang='lat' dir='ltr'><strong>qua</strong></span> 
     </span>
    </p>
   </div>
   <div class='ocr_carea' id='block_1_7' title="bbox 118 1011 1729 1148">
    <p class='ocr_par' dir='ltr' id='par_1_7' title="bbox 118 1011 1729 1148">
     <span class='ocr_line' id='line_1_11' title="bbox 118 1011 1728 1068; baseline 0.002 -14"><span class='ocrx_word' id='word_1_80' title='bbox 118 1016 274 1054; x_wconf 85' lang='lat' dir='ltr'><strong>tamen</strong></span> <span class='ocrx_word' id='word_1_81' title='bbox 317 1012 426 1054; x_wconf 90' lang='lat' dir='ltr'><strong>mihi</strong></span> <span class='ocrx_word' id='word_1_82' title='bbox 468 1011 594 1054; x_wconf 91' lang='lat' dir='ltr'><strong>locus</strong></span> <span class='ocrx_word' id='word_1_83' title='bbox 638 1013 683 1055; x_wconf 95' lang='lat' dir='ltr'><strong>in</strong></span> <span class='ocrx_word' id='word_1_84' title='bbox 717 1014 944 1068; x_wconf 86' lang='lat' dir='ltr'><strong>integrum</strong></span> <span class='ocrx_word' id='word_1_85' title='bbox 978 1014 1151 1055; x_wconf 84' lang='lat' dir='ltr'><strong>restitui</strong></span> <span class='ocrx_word' id='word_1_86' title='bbox 1187 1028 1277 1056; x_wconf 93' lang='lat' dir='ltr'><strong>non</strong></span> <span class='ocrx_word' id='word_1_87' title='bbox 1311 1015 1506 1057; x_wconf 88' lang='lat' dir='ltr'><strong>videtur.</strong></span> <span class='ocrx_word' id='word_1_88' title='bbox 1542 1016 1728 1057; x_wconf 89' lang='lat' dir='ltr'><strong>Etenim</strong></span> 
     </span>
     <span class='ocr_line' id='line_1_12' title="bbox 118 1092 1729 1148; baseline 0.003 -15"><span class='ocrx_word' id='word_1_89' title='bbox 118 1092 238 1134; x_wconf 89' lang='lat' dir='ltr'><strong>istud</strong></span> <span class='ocrx_word' id='word_1_90' title='bbox 261 1092 447 1135; x_wconf 81' lang='lat' dir='ltr'><strong>notabili</strong></span> <span class='ocrx_word' id='word_1_91' title='bbox 464 1094 635 1148; x_wconf 83' lang='lat' dir='ltr'><strong>gaudio</strong></span> <span class='ocrx_word' id='word_1_92' title='bbox 661 1094 871 1136; x_wconf 81' lang='lat' dir='ltr'><strong>Blaesum</strong></span> <span class='ocrx_word' id='word_1_93' title='bbox 899 1095 1084 1136; x_wconf 83' lang='lat' dir='ltr'><strong>videndo</strong></span> <span class='ocrx_word' id='word_1_94' title='bbox 1112 1100 1284 1137; x_wconf 83' lang='lat' dir='ltr'><strong>temere</strong></span> <span class='ocrx_word' id='word_1_95' title='bbox 1314 1096 1569 1138; x_wconf 90' lang='lat' dir='ltr'><strong>deiicientis</strong></span> <span class='ocrx_word' id='word_1_96' title='bbox 1588 1097 1729 1139; x_wconf 89' lang='lat' dir='ltr'><strong>verba</strong></span> 
     </span>
    </p>
   </div>
   <div class='ocr_carea' id='block_1_8' title="bbox 113 1173 1730 1229">
    <p class='ocr_par' dir='ltr' id='par_1_8' title="bbox 113 1173 1730 1229">
     <span class='ocr_line' id='line_1_13' title="bbox 113 1173 1730 1229; baseline 0.003 -15"><span class='ocrx_word' id='word_1_97' title='bbox 113 1173 263 1228; x_wconf 64' lang='lat' dir='ltr'><strong>&gt;magis</strong></span> <span class='ocrx_word' id='word_1_98' title='bbox 304 1178 373 1214; x_wconf 90' lang='lat' dir='ltr'><strong>est</strong></span> <span class='ocrx_word' id='word_1_99' title='bbox 415 1187 552 1227; x_wconf 85' lang='lat' dir='ltr'><strong>quam</strong></span> <span class='ocrx_word' id='word_1_100' title='bbox 597 1173 829 1229; x_wconf 86' lang='lat' dir='ltr'><strong>eleganter</strong></span> <span class='ocrx_word' id='word_1_101' title='bbox 872 1176 1098 1225; x_wconf 88' lang='lat' dir='ltr'><strong>struentis,</strong></span> <span class='ocrx_word' id='word_1_102' title='bbox 1134 1181 1194 1225; x_wconf 91' lang='lat' dir='ltr'><strong>et,</strong></span> <span class='ocrx_word' id='word_1_103' title='bbox 1229 1190 1332 1217; x_wconf 92' lang='lat' dir='ltr'><strong>cum</strong></span> <span class='ocrx_word' id='word_1_104' title='bbox 1366 1177 1549 1218; x_wconf 89' lang='lat' dir='ltr'><strong>alterius</strong></span> <span class='ocrx_word' id='word_1_105' title='bbox 1581 1177 1730 1219; x_wconf 86' lang='lat' dir='ltr'><strong>fratris</strong></span> 
     </span>
    </p>
   </div>
   <div class='ocr_carea' id='block_1_9' title="bbox 118 1253 1730 1714">
    <p class='ocr_par' dir='ltr' id='par_1_9' title="bbox 118 1253 1730 1714">
     <span class='ocr_line' id='line_1_14' title="bbox 119 1253 1730 1314; baseline 0.004 -19"><span class='ocrx_word' id='word_1_106' title='bbox 119 1253 259 1296; x_wconf 87' lang='lat' dir='ltr'><strong>verba</strong></span> <span class='ocrx_word' id='word_1_107' title='bbox 286 1254 507 1309; x_wconf 74' lang='lat' dir='ltr'><strong>gaudium</strong></span> <span class='ocrx_word' id='word_1_108' title='bbox 541 1256 758 1297; x_wconf 89' lang='lat' dir='ltr'><strong>testantia</strong></span> <span class='ocrx_word' id='word_1_109' title='bbox 791 1269 1146 1307; x_wconf 79' lang='lat' dir='ltr'><strong>commemoras,</strong></span> <span class='ocrx_word' id='word_1_110' title='bbox 1181 1257 1374 1299; x_wconf 90' lang='lat' dir='ltr'><strong>alterum</strong></span> <span class='ocrx_word' id='word_1_111' title='bbox 1409 1272 1591 1313; x_wconf 91' lang='lat' dir='ltr'><strong>quoque</strong></span> <span class='ocrx_word' id='word_1_112' title='bbox 1614 1274 1730 1314; x_wconf 85' lang='lat' dir='ltr'><strong>gau-</strong></span> 
     </span>
     <span class='ocr_line' id='line_1_15' title="bbox 118 1334 1728 1393; baseline 0.002 -16"><span class='ocrx_word' id='word_1_113' title='bbox 118 1334 287 1377; x_wconf 82' lang='lat' dir='ltr'><strong>dentem</strong></span> <span class='ocrx_word' id='word_1_114' title='bbox 336 1334 552 1376; x_wconf 84' lang='lat' dir='ltr'><strong>exhibere</strong></span> <span class='ocrx_word' id='word_1_115' title='bbox 599 1335 857 1389; x_wconf 88' lang='lat' dir='ltr'><strong>legentibus</strong></span> <span class='ocrx_word' id='word_1_116' title='bbox 900 1337 1071 1391; x_wconf 88' lang='lat' dir='ltr'><strong>puerile</strong></span> <span class='ocrx_word' id='word_1_117' title='bbox 1115 1338 1310 1379; x_wconf 88' lang='lat' dir='ltr'><strong>videtur.</strong></span> <span class='ocrx_word' id='word_1_118' title='bbox 1361 1337 1576 1393; x_wconf 86' lang='lat' dir='ltr'><strong>Suspicor</strong></span> <span class='ocrx_word' id='word_1_119' title='bbox 1619 1339 1728 1381; x_wconf 91' lang='lat' dir='ltr'><strong>olim</strong></span> 
     </span>
     <span class='ocr_line' id='line_1_16' title="bbox 119 1415 1728 1472; baseline 0.003 -16"><span class='ocrx_word' id='word_1_120' title='bbox 119 1415 340 1470; x_wconf 77' lang='lat' dir='ltr'><strong>seriptum</strong></span> <span class='ocrx_word' id='word_1_121' title='bbox 383 1415 517 1457; x_wconf 88' lang='lat' dir='ltr'><strong>fuisse</strong></span> <span class='ocrx_word' id='word_1_122' title='bbox 560 1417 745 1471; x_wconf 78' lang='lat' dir='ltr'><strong>ignobili</strong></span> <span class='ocrx_word' id='word_1_123' title='bbox 779 1418 949 1472; x_wconf 82' lang='lat' dir='ltr'><strong>gaudio</strong></span> <span class='ocrx_word' id='word_1_124' title='bbox 980 1442 1038 1447; x_wconf 94' lang='lat'><strong>—</strong></span> <span class='ocrx_word' id='word_1_125' title='bbox 1071 1432 1163 1459; x_wconf 93' lang='lat' dir='ltr'><strong>non</strong></span> <span class='ocrx_word' id='word_1_126' title='bbox 1205 1432 1231 1459; x_wconf 90' lang='lat' dir='ltr'><strong>a</strong></span> <span class='ocrx_word' id='word_1_127' title='bbox 1265 1418 1442 1469; x_wconf 85' lang='lat' dir='ltr'><strong>Tacito,</strong></span> <span class='ocrx_word' id='word_1_128' title='bbox 1478 1433 1635 1461; x_wconf 89' lang='lat' dir='ltr'><strong>verum</strong></span> <span class='ocrx_word' id='word_1_129' title='bbox 1669 1420 1728 1462; x_wconf 93' lang='lat' dir='ltr'><strong>ab</strong></span> 
     </span>
     <span class='ocr_line' id='line_1_17' title="bbox 118 1494 1726 1552; baseline 0.003 -16"><span class='ocrx_word' id='word_1_130' title='bbox 118 1494 284 1550; x_wconf 87' lang='lat' dir='ltr'><strong>aliquo,</strong></span> <span class='ocrx_word' id='word_1_131' title='bbox 330 1496 406 1550; x_wconf 90' lang='lat' dir='ltr'><strong>qui</strong></span> <span class='ocrx_word' id='word_1_132' title='bbox 442 1496 562 1537; x_wconf 88' lang='lat' dir='ltr'><strong>istud</strong></span> <span class='ocrx_word' id='word_1_133' title='bbox 596 1497 648 1538; x_wconf 89' lang='lat' dir='ltr'><strong>L.</strong></span> <span class='ocrx_word' id='word_1_134' title='bbox 684 1496 856 1538; x_wconf 86' lang='lat' dir='ltr'><strong>Vitellii</strong></span> <span class='ocrx_word' id='word_1_135' title='bbox 890 1497 1045 1552; x_wconf 89' lang='lat' dir='ltr'><strong>legens</strong></span> <span class='ocrx_word' id='word_1_136' title='bbox 1079 1498 1251 1539; x_wconf 91' lang='lat' dir='ltr'><strong>dictum</strong></span> <span class='ocrx_word' id='word_1_137' title='bbox 1285 1499 1520 1541; x_wconf 92' lang='lat' dir='ltr'><strong>continere</strong></span> <span class='ocrx_word' id='word_1_138' title='bbox 1553 1513 1601 1540; x_wconf 88' lang='lat' dir='ltr'><strong>se</strong></span> <span class='ocrx_word' id='word_1_139' title='bbox 1635 1514 1726 1541; x_wconf 91' lang='lat' dir='ltr'><strong>non</strong></span> 
     </span>
     <span class='ocr_line' id='line_1_18' title="bbox 119 1576 1724 1633; baseline 0.004 -17"><span class='ocrx_word' id='word_1_140' title='bbox 119 1581 287 1629; x_wconf 87' lang='lat' dir='ltr'><strong>posset,</strong></span> <span class='ocrx_word' id='word_1_141' title='bbox 332 1576 441 1630; x_wconf 91' lang='lat' dir='ltr'><strong>quin</strong></span> <span class='ocrx_word' id='word_1_142' title='bbox 485 1590 589 1617; x_wconf 90' lang='lat' dir='ltr'><strong>eum</strong></span> <span class='ocrx_word' id='word_1_143' title='bbox 631 1576 783 1631; x_wconf 89' lang='lat' dir='ltr'><strong>aliqua</strong></span> <span class='ocrx_word' id='word_1_144' title='bbox 828 1583 937 1619; x_wconf 90' lang='lat' dir='ltr'><strong>nota</strong></span> <span class='ocrx_word' id='word_1_145' title='bbox 979 1584 1264 1633; x_wconf 86' lang='lat' dir='ltr'><strong>aspergeret:</strong></span> <span class='ocrx_word' id='word_1_146' title='bbox 1299 1580 1357 1620; x_wconf 90' lang='lat' dir='ltr'><strong>ad</strong></span> <span class='ocrx_word' id='word_1_147' title='bbox 1392 1594 1554 1622; x_wconf 90' lang='lat' dir='ltr'><strong>vocem</strong></span> <span class='ocrx_word' id='word_1_148' title='bbox 1589 1581 1724 1631; x_wconf 89' lang='lat' dir='ltr'><strong>enim,</strong></span> 
     </span>
     <span class='ocr_line' id='line_1_19' title="bbox 118 1646 1726 1714; baseline 0.004 -18"><span class='ocrx_word' id='word_1_149' title='bbox 118 1668 235 1709; x_wconf 89' lang='lat' dir='ltr'><strong>quae</strong></span> <span class='ocrx_word' id='word_1_150' title='bbox 278 1661 356 1697; x_wconf 70' lang='lat' dir='ltr'><strong>est·</strong></span> <span class='ocrx_word' id='word_1_151' title='bbox 379 1657 573 1711; x_wconf 83' lang='lat' dir='ltr'><strong>pavisse,</strong></span> <span class='ocrx_word' id='word_1_152' title='bbox 618 1657 899 1711; x_wconf 90' lang='lat' dir='ltr'><strong>adscriptum</strong></span> <span class='ocrx_word' id='word_1_153' title='bbox 944 1646 1057 1713; x_wconf 89' lang='lat' dir='ltr'><strong>illud</strong></span> <span class='ocrx_word' id='word_1_154' title='bbox 1095 1659 1280 1713; x_wconf 82' lang='lat' dir='ltr'><strong>ignobili</strong></span> <span class='ocrx_word' id='word_1_155' title='bbox 1314 1660 1483 1714; x_wconf 82' lang='lat' dir='ltr'><strong>gaudio</strong></span> <span class='ocrx_word' id='word_1_156' title='bbox 1517 1660 1726 1702; x_wconf 90' lang='lat' dir='ltr'><strong>arbitror.</strong></span> 
     </span>
    </p>
   </div>
   <div class='ocr_carea' id='block_1_10' title="bbox 55 1734 1727 1792">
    <p class='ocr_par' dir='ltr' id='par_1_10' title="bbox 55 1734 1727 1792">
     <span class='ocr_line' id='line_1_20' title="bbox 55 1734 1727 1792; baseline 0.004 -16"><span class='ocrx_word' id='word_1_157' title='bbox 55 1763 74 1771; x_wconf 54' lang='lat'>2</span> <span class='ocrx_word' id='word_1_158' title='bbox 118 1734 188 1776; x_wconf 91' lang='lat' dir='ltr'><strong>De</strong></span> <span class='ocrx_word' id='word_1_159' title='bbox 234 1735 510 1790; x_wconf 89' lang='lat' dir='ltr'><strong>imperatore</strong></span> <span class='ocrx_word' id='word_1_160' title='bbox 558 1750 666 1791; x_wconf 88' lang='lat' dir='ltr'><strong>ergo</strong></span> <span class='ocrx_word' id='word_1_161' title='bbox 714 1737 826 1778; x_wconf 90' lang='lat' dir='ltr'><strong>haec</strong></span> <span class='ocrx_word' id='word_1_162' title='bbox 875 1738 998 1779; x_wconf 88' lang='lat' dir='ltr'><strong>dicta</strong></span> <span class='ocrx_word' id='word_1_163' title='bbox 1046 1744 1241 1780; x_wconf 86' lang='lat' dir='ltr'><strong>restant:</strong></span> <span class='ocrx_word' id='word_1_164' title='bbox 1293 1740 1497 1792; x_wconf 90' lang='lat' dir='ltr'><strong>„addidit</strong></span> <span class='ocrx_word' id='word_1_165' title='bbox 1539 1740 1727 1782; x_wconf 89' lang='lat' dir='ltr'><strong>facinori</strong></span> 
     </span>
    </p>
   </div>
   <div class='ocr_carea' id='block_1_11' title="bbox 117 1815 1725 2117">
    <p class='ocr_par' dir='ltr' id='par_1_11' title="bbox 117 1815 1725 2117">
     <span class='ocr_line' id='line_1_21' title="bbox 117 1815 1725 1873; baseline 0.003 -16"><span class='ocrx_word' id='word_1_166' title='bbox 117 1815 254 1858; x_wconf 87' lang='lat' dir='ltr'><strong>fidem</strong></span> <span class='ocrx_word' id='word_1_167' title='bbox 299 1816 508 1859; x_wconf 89' lang='lat' dir='ltr'><strong>Blaesum</strong></span> <span class='ocrx_word' id='word_1_168' title='bbox 553 1817 787 1867; x_wconf 88' lang='lat' dir='ltr'><strong>visend0,”</strong></span> <span class='ocrx_word' id='word_1_169' title='bbox 825 1832 941 1872; x_wconf 91' lang='lat' dir='ltr'><strong>quae</strong></span> <span class='ocrx_word' id='word_1_170' title='bbox 975 1829 1112 1873; x_wconf 86' lang='lat' dir='ltr'><strong>quam</strong></span> <span class='ocrx_word' id='word_1_171' title='bbox 1146 1820 1326 1873; x_wconf 85' lang='lat' dir='ltr'><strong>egregie</strong></span> <span class='ocrx_word' id='word_1_172' title='bbox 1361 1821 1404 1861; x_wconf 90' lang='lat' dir='ltr'><strong>in</strong></span> <span class='ocrx_word' id='word_1_173' title='bbox 1438 1826 1584 1862; x_wconf 91' lang='lat' dir='ltr'><strong>totam</strong></span> <span class='ocrx_word' id='word_1_174' title='bbox 1619 1835 1725 1862; x_wconf 92' lang='lat' dir='ltr'><strong>con·</strong></span> 
     </span>
     <span class='ocr_line' id='line_1_22' title="bbox 117 1897 1725 1955; baseline 0.003 -17"><span class='ocrx_word' id='word_1_175' title='bbox 117 1897 302 1938; x_wconf 90' lang='lat' dir='ltr'><strong>veniant</strong></span> <span class='ocrx_word' id='word_1_176' title='bbox 329 1898 635 1939; x_wconf 87' lang='lat' dir='ltr'><strong>narrationem</strong></span> <span class='ocrx_word' id='word_1_177' title='bbox 661 1898 812 1952; x_wconf 87' lang='lat' dir='ltr'><strong>quivis</strong></span> <span class='ocrx_word' id='word_1_178' title='bbox 840 1899 1071 1953; x_wconf 89' lang='lat' dir='ltr'><strong>perspicit,</strong></span> <span class='ocrx_word' id='word_1_179' title='bbox 1100 1900 1177 1953; x_wconf 88' lang='lat' dir='ltr'><strong>qui</strong></span> <span class='ocrx_word' id='word_1_180' title='bbox 1197 1899 1461 1942; x_wconf 91' lang='lat' dir='ltr'><strong>ultimorum</strong></span> <span class='ocrx_word' id='word_1_181' title='bbox 1478 1900 1725 1955; x_wconf 88' lang='lat' dir='ltr'><strong>Agricolae</strong></span> 
     </span>
     <span class='ocr_line' id='line_1_23' title="bbox 117 1977 1724 2037; baseline 0.003 -18"><span class='ocrx_word' id='word_1_182' title='bbox 117 1977 318 2032; x_wconf 86' lang='lat' dir='ltr'><strong>capitum</strong></span> <span class='ocrx_word' id='word_1_183' title='bbox 353 1992 527 2020; x_wconf 90' lang='lat' dir='ltr'><strong>memor</strong></span> <span class='ocrx_word' id='word_1_184' title='bbox 559 1984 641 2029; x_wconf 89' lang='lat' dir='ltr'><strong>est,</strong></span> <span class='ocrx_word' id='word_1_185' title='bbox 677 1993 701 2020; x_wconf 90' lang='lat' dir='ltr'><strong>e</strong></span> <span class='ocrx_word' id='word_1_186' title='bbox 735 1979 900 2033; x_wconf 91' lang='lat' dir='ltr'><strong>quibus</strong></span> <span class='ocrx_word' id='word_1_187' title='bbox 933 1979 1045 2021; x_wconf 90' lang='lat' dir='ltr'><strong>haec</strong></span> <span class='ocrx_word' id='word_1_188' title='bbox 1075 1981 1362 2034; x_wconf 86' lang='lat' dir='ltr'><strong>potissimum</strong></span> <span class='ocrx_word' id='word_1_189' title='bbox 1389 1981 1530 2023; x_wconf 85' lang='lat' dir='ltr'><strong>affero</strong></span> <span class='ocrx_word' id='word_1_190' title='bbox 1557 1982 1609 2036; x_wconf 93' lang='lat' dir='ltr'><strong>(c.</strong></span> <span class='ocrx_word' id='word_1_191' title='bbox 1629 1983 1724 2037; x_wconf 87' lang='lat'>43):</span> 
     </span>
     <span class='ocr_line' id='line_1_24' title="bbox 122 2057 1724 2117; baseline 0.004 -18"><span class='ocrx_word' id='word_1_192' title='bbox 122 2057 361 2111; x_wconf 85' lang='lat' dir='ltr'><strong>„Ceterum</strong></span> <span class='ocrx_word' id='word_1_193' title='bbox 409 2073 489 2113; x_wconf 90' lang='lat' dir='ltr'><strong>per</strong></span> <span class='ocrx_word' id='word_1_194' title='bbox 532 2073 716 2101; x_wconf 90' lang='lat' dir='ltr'><strong>omnem</strong></span> <span class='ocrx_word' id='word_1_195' title='bbox 759 2060 1059 2102; x_wconf 89' lang='lat' dir='ltr'><strong>valitudinem</strong></span> <span class='ocrx_word' id='word_1_196' title='bbox 1102 2060 1197 2102; x_wconf 91' lang='lat' dir='ltr'><strong>eius</strong></span> <span class='ocrx_word' id='word_1_197' title='bbox 1240 2061 1440 2103; x_wconf 90' lang='lat' dir='ltr'><strong>crebrius</strong></span> <span class='ocrx_word' id='word_1_198' title='bbox 1485 2076 1622 2117; x_wconf 86' lang='lat' dir='ltr'><strong>quarn</strong></span> <span class='ocrx_word' id='word_1_199' title='bbox 1667 2077 1724 2105; x_wconf 87' lang='lat' dir='ltr'><strong>ex</strong></span> 
     </span>
    </p>
   </div>
   <div class='ocr_carea' id='block_1_12' title="bbox 117 2141 1723 2198">
    <p class='ocr_par' dir='ltr' id='par_1_12' title="bbox 117 2141 1723 2198">
     <span class='ocr_line' id='line_1_25' title="bbox 117 2141 1723 2198; baseline 0.002 -17"><span class='ocrx_word' id='word_1_200' title='bbox 117 2153 243 2182; x_wconf 90' lang='lat' dir='ltr'><strong>more</strong></span> <span class='ocrx_word' id='word_1_201' title='bbox 277 2141 556 2195; x_wconf 86' lang='lat' dir='ltr'><strong>principatus</strong></span> <span class='ocrx_word' id='word_1_202' title='bbox 590 2155 671 2196; x_wconf 93' lang='lat' dir='ltr'><strong>per</strong></span> <span class='ocrx_word' id='word_1_203' title='bbox 704 2142 887 2182; x_wconf 90' lang='lat' dir='ltr'><strong>nuntios</strong></span> <span class='ocrx_word' id='word_1_204' title='bbox 920 2142 1107 2183; x_wconf 88' lang='lat' dir='ltr'><strong>visentis</strong></span> <span class='ocrx_word' id='word_1_205' title='bbox 1141 2147 1186 2183; x_wconf 92' lang='lat' dir='ltr'><strong>et</strong></span> <span class='ocrx_word' id='word_1_206' title='bbox 1219 2142 1485 2184; x_wconf 91' lang='lat' dir='ltr'><strong>libertorum</strong></span> <span class='ocrx_word' id='word_1_207' title='bbox 1515 2145 1647 2198; x_wconf 90' lang='lat' dir='ltr'><strong>primi</strong></span> <span class='ocrx_word' id='word_1_208' title='bbox 1677 2150 1723 2185; x_wconf 94' lang='lat' dir='ltr'><strong>et</strong></span> 
     </span>
    </p>
   </div>
   <div class='ocr_carea' id='block_1_13' title="bbox 113 2220 1723 3005">
    <p class='ocr_par' dir='ltr' id='par_1_13' title="bbox 113 2220 1723 3005">
     <span class='ocr_line' id='line_1_26' title="bbox 117 2220 1723 2277; baseline 0.003 -16"><span class='ocrx_word' id='word_1_209' title='bbox 117 2220 399 2266; x_wconf 85' lang='lat' dir='ltr'><strong>medicorum</strong></span> <span class='ocrx_word' id='word_1_210' title='bbox 427 2221 573 2262; x_wconf 89' lang='lat' dir='ltr'><strong>intimi</strong></span> <span class='ocrx_word' id='word_1_211' title='bbox 602 2231 782 2271; x_wconf 89' lang='lat' dir='ltr'><strong>venere,</strong></span> <span class='ocrx_word' id='word_1_212' title='bbox 812 2222 906 2262; x_wconf 91' lang='lat' dir='ltr'><strong>sive</strong></span> <span class='ocrx_word' id='word_1_213' title='bbox 934 2235 1041 2262; x_wconf 90' lang='lat' dir='ltr'><strong>cura</strong></span> <span class='ocrx_word' id='word_1_214' title='bbox 1069 2221 1177 2263; x_wconf 91' lang='lat' dir='ltr'><strong>illud</strong></span> <span class='ocrx_word' id='word_1_215' title='bbox 1207 2222 1301 2263; x_wconf 90' lang='lat' dir='ltr'><strong>sive</strong></span> <span class='ocrx_word' id='word_1_216' title='bbox 1329 2223 1561 2277; x_wconf 87' lang='lat' dir='ltr'><strong>inquisitio</strong></span> <span class='ocrx_word' id='word_1_217' title='bbox 1580 2224 1723 2266; x_wconf 87' lang='lat' dir='ltr'><strong>erat.&#39;’</strong></span> 
     </span>
     <span class='ocr_line' id='line_1_27' title="bbox 177 2301 1722 2359; baseline 0.003 -16"><span class='ocrx_word' id='word_1_218' title='bbox 177 2301 235 2342; x_wconf 93' lang='lat' dir='ltr'><strong>H.</strong></span> <span class='ocrx_word' id='word_1_219' title='bbox 265 2302 347 2352; x_wconf 85' lang='grc' dir='ltr'>ΙΙΙ,</span> <span class='ocrx_word' id='word_1_220' title='bbox 376 2314 448 2354; x_wconf 90' lang='lat'><strong>41.</strong></span> <span class='ocrx_word' id='word_1_221' title='bbox 483 2302 721 2344; x_wconf 91' lang='lat' dir='ltr'><strong>Vitellium</strong></span> <span class='ocrx_word' id='word_1_222' title='bbox 749 2303 839 2344; x_wconf 90' lang='lat' dir='ltr'><strong>iam</strong></span> <span class='ocrx_word' id='word_1_223' title='bbox 867 2303 1070 2356; x_wconf 90' lang='lat' dir='ltr'><strong>prodidit</strong></span> <span class='ocrx_word' id='word_1_224' title='bbox 1099 2303 1260 2344; x_wconf 88' lang='lat' dir='ltr'><strong>Bassus</strong></span> <span class='ocrx_word' id='word_1_225' title='bbox 1279 2303 1431 2345; x_wconf 89' lang='lat' dir='ltr'><strong>classis</strong></span> <span class='ocrx_word' id='word_1_226' title='bbox 1451 2305 1722 2359; x_wconf 81' lang='lat' dir='ltr'><strong>praefectus,</strong></span> 
     </span>
     <span class='ocr_line' id='line_1_28' title="bbox 114 2381 1721 2439; baseline 0.004 -17"><span class='ocrx_word' id='word_1_227' title='bbox 114 2381 205 2430; x_wconf 84' lang='lat' dir='ltr'><strong>iam</strong></span> <span class='ocrx_word' id='word_1_228' title='bbox 247 2382 306 2423; x_wconf 92' lang='lat' dir='ltr'><strong>ab</strong></span> <span class='ocrx_word' id='word_1_229' title='bbox 350 2395 404 2423; x_wconf 91' lang='lat' dir='ltr'><strong>eo</strong></span> <span class='ocrx_word' id='word_1_230' title='bbox 448 2382 616 2424; x_wconf 91' lang='lat' dir='ltr'><strong>defecit</strong></span> <span class='ocrx_word' id='word_1_231' title='bbox 658 2382 879 2432; x_wconf 90' lang='lat' dir='ltr'><strong>Caecina;</strong></span> <span class='ocrx_word' id='word_1_232' title='bbox 923 2382 1132 2424; x_wconf 87' lang='lat' dir='ltr'><strong>Valentis</strong></span> <span class='ocrx_word' id='word_1_233' title='bbox 1165 2384 1343 2434; x_wconf 87' lang='lat' dir='ltr'><strong>milites,</strong></span> <span class='ocrx_word' id='word_1_234' title='bbox 1379 2386 1502 2439; x_wconf 90' lang='lat' dir='ltr'><strong>quod</strong></span> <span class='ocrx_word' id='word_1_235' title='bbox 1538 2387 1721 2428; x_wconf 91' lang='lat' dir='ltr'><strong>unicum</strong></span> 
     </span>
     <span class='ocr_line' id='line_1_29' title="bbox 116 2463 1719 2521; baseline 0.001 -17"><span class='ocrx_word' id='word_1_236' title='bbox 116 2463 210 2505; x_wconf 89' lang='lat' dir='ltr'><strong>eius</strong></span> <span class='ocrx_word' id='word_1_237' title='bbox 237 2463 525 2518; x_wconf 89' lang='lat' dir='ltr'><strong>praesidium,</strong></span> <span class='ocrx_word' id='word_1_238' title='bbox 556 2477 703 2518; x_wconf 90' lang='lat' dir='ltr'><strong>neque</strong></span> <span class='ocrx_word' id='word_1_239' title='bbox 732 2463 852 2505; x_wconf 92' lang='lat' dir='ltr'><strong>bello</strong></span> <span class='ocrx_word' id='word_1_240' title='bbox 870 2478 1013 2518; x_wconf 28' lang='lat' dir='ltr'><strong>,pares</strong></span> <span class='ocrx_word' id='word_1_241' title='bbox 1040 2470 1169 2506; x_wconf 88' lang='lat' dir='ltr'><strong>erant</strong></span> <span class='ocrx_word' id='word_1_242' title='bbox 1197 2479 1345 2519; x_wconf 88' lang='lat' dir='ltr'><strong>neque</strong></span> <span class='ocrx_word' id='word_1_243' title='bbox 1368 2466 1573 2521; x_wconf 90' lang='lat' dir='ltr'><strong>integrae</strong></span> <span class='ocrx_word' id='word_1_244' title='bbox 1592 2467 1719 2509; x_wconf 88' lang='lat' dir='ltr'><strong>fidei:</strong></span> 
     </span>
     <span class='ocr_line' id='line_1_30' title="bbox 179 2544 1719 2599; baseline 0.003 -15"><span class='ocrx_word' id='word_1_245' title='bbox 179 2544 352 2598; x_wconf 89' lang='lat' dir='ltr'><strong>„pudor</strong></span> <span class='ocrx_word' id='word_1_246' title='bbox 393 2549 547 2585; x_wconf 90' lang='lat' dir='ltr'><strong>tamen</strong></span> <span class='ocrx_word' id='word_1_247' title='bbox 591 2550 637 2585; x_wconf 92' lang='lat' dir='ltr'><strong>et</strong></span> <span class='ocrx_word' id='word_1_248' title='bbox 681 2545 932 2599; x_wconf 88' lang='lat' dir='ltr'><strong>praesentis</strong></span> <span class='ocrx_word' id='word_1_249' title='bbox 975 2545 1102 2586; x_wconf 90' lang='lat' dir='ltr'><strong>ducis</strong></span> <span class='ocrx_word' id='word_1_250' title='bbox 1145 2547 1399 2587; x_wconf 88' lang='lat' dir='ltr'><strong>reverentia</strong></span> <span class='ocrx_word' id='word_1_251' title='bbox 1443 2547 1719 2598; x_wconf 91' lang='lat' dir='ltr'><strong>morabatur,</strong></span> 
     </span>
     <span class='ocr_line' id='line_1_31' title="bbox 114 2623 1718 2680; baseline 0.004 -16"><span class='ocrx_word' id='word_1_252' title='bbox 114 2623 235 2665; x_wconf 89' lang='lat' dir='ltr'><strong>haud</strong></span> <span class='ocrx_word' id='word_1_253' title='bbox 278 2624 491 2665; x_wconf 88' lang='lat' dir='ltr'><strong>diuturna</strong></span> <span class='ocrx_word' id='word_1_254' title='bbox 535 2624 836 2679; x_wconf 86' lang='lat' dir='ltr'><strong>vinclaapud</strong></span> <span class='ocrx_word' id='word_1_255' title='bbox 871 2625 1030 2666; x_wconf 90' lang='lat' dir='ltr'><strong>avidos</strong></span> <span class='ocrx_word' id='word_1_256' title='bbox 1064 2626 1366 2680; x_wconf 89' lang='lat' dir='ltr'><strong>periculorum</strong></span> <span class='ocrx_word' id='word_1_257' title='bbox 1400 2633 1446 2668; x_wconf 91' lang='lat' dir='ltr'><strong>et</strong></span> <span class='ocrx_word' id='word_1_258' title='bbox 1479 2628 1718 2676; x_wconf 85' lang='lat' dir='ltr'><strong>dedecoris</strong></span> 
     </span>
     <span class='ocr_line' id='line_1_32' title="bbox 113 2703 340 2745; baseline 0 0"><span class='ocrx_word' id='word_1_259' title='bbox 113 2703 340 2745; x_wconf 87' lang='lat' dir='ltr'><strong>securos.&#39;’</strong></span> 
     </span>
     <span class='ocr_line' id='line_1_33' title="bbox 119 2781 1715 2845; baseline 0.005 -20"><span class='ocrx_word' id='word_1_260' title='bbox 119 2828 122 2830; x_wconf 59' lang='grc'>,</span> <span class='ocrx_word' id='word_1_261' title='bbox 175 2784 260 2825; x_wconf 90' lang='lat' dir='ltr'><strong>Pro</strong></span> <span class='ocrx_word' id='word_1_262' title='bbox 283 2784 481 2826; x_wconf 90' lang='lat' dir='ltr'><strong>absurdo</strong></span> <span class='ocrx_word' id='word_1_263' title='bbox 509 2785 595 2826; x_wconf 91' lang='lat' dir='ltr'><strong>isto</strong></span> <span class='ocrx_word' id='word_1_264' title='bbox 623 2786 778 2828; x_wconf 85' lang='lat' dir='ltr'><strong>avidos</strong></span> <span class='ocrx_word' id='word_1_265' title='bbox 804 2781 1006 2828; x_wconf 78' lang='lat' dir='ltr'><strong>Faernus</strong></span> <span class='ocrx_word' id='word_1_266' title='bbox 1025 2787 1220 2845; x_wconf 72' lang='lat' dir='ltr'><strong>coniecit</strong></span> <span class='ocrx_word' id='word_1_267' title='bbox 1228 2789 1431 2842; x_wconf 78' lang='lat' dir='ltr'><strong>pavidos,</strong></span> <span class='ocrx_word' id='word_1_268' title='bbox 1452 2791 1715 2842; x_wconf 90' lang='lat' dir='ltr'><strong>rectissime,</strong></span> 
     </span>
     <span class='ocr_line' id='line_1_34' title="bbox 114 2863 1716 2926; baseline 0.006 -21"><span class='ocrx_word' id='word_1_269' title='bbox 114 2863 364 2905; x_wconf 92' lang='lat' dir='ltr'><strong>dummodo</strong></span> <span class='ocrx_word' id='word_1_270' title='bbox 392 2870 437 2906; x_wconf 92' lang='lat' dir='ltr'><strong>et</strong></span> <span class='ocrx_word' id='word_1_271' title='bbox 455 2866 761 2920; x_wconf 78' lang='lat' dir='ltr'><strong>periculorum</strong></span> <span class='ocrx_word' id='word_1_272' title='bbox 790 2866 1035 2916; x_wconf 85' lang='lat' dir='ltr'><strong>deleamus,</strong></span> <span class='ocrx_word' id='word_1_273' title='bbox 1065 2868 1203 2921; x_wconf 93' lang='lat' dir='ltr'><strong>quod,</strong></span> <span class='ocrx_word' id='word_1_274' title='bbox 1233 2882 1335 2910; x_wconf 90' lang='lat' dir='ltr'><strong>cum</strong></span> <span class='ocrx_word' id='word_1_275' title='bbox 1362 2871 1503 2912; x_wconf 91' lang='lat' dir='ltr'><strong>semel</strong></span> <span class='ocrx_word' id='word_1_276' title='bbox 1522 2873 1716 2926; x_wconf 82' lang='lat' dir='ltr'><strong>pavidos</strong></span> 
     </span>
     <span class='ocr_line' id='line_1_35' title="bbox 113 2944 1717 3005; baseline 0.006 -20"><span class='ocrx_word' id='word_1_277' title='bbox 113 2944 158 2985; x_wconf 88' lang='lat' dir='ltr'><strong>in</strong></span> <span class='ocrx_word' id='word_1_278' title='bbox 185 2945 340 2986; x_wconf 85' lang='lat' dir='ltr'><strong>avidos</strong></span> <span class='ocrx_word' id='word_1_279' title='bbox 366 2945 564 2996; x_wconf 86' lang='lat' dir='ltr'><strong>abiisset,</strong></span> <span class='ocrx_word' id='word_1_280' title='bbox 594 2960 620 2988; x_wconf 88' lang='lat' dir='ltr'><strong>a</strong></span> <span class='ocrx_word' id='word_1_281' title='bbox 647 2947 900 2988; x_wconf 89' lang='lat' dir='ltr'><strong>semidocto</strong></span> <span class='ocrx_word' id='word_1_282' title='bbox 928 2947 1112 2988; x_wconf 88' lang='lat' dir='ltr'><strong>homine</strong></span> <span class='ocrx_word' id='word_1_283' title='bbox 1142 2954 1210 2989; x_wconf 91' lang='lat' dir='ltr'><strong>est</strong></span> <span class='ocrx_word' id='word_1_284' title='bbox 1237 2950 1517 3005; x_wconf 88' lang='lat' dir='ltr'><strong>adscriptum</strong></span> <span class='ocrx_word' id='word_1_285' title='bbox 1546 2966 1602 2994; x_wconf 94' lang='lat' dir='ltr'><strong>ne</strong></span> <span class='ocrx_word' id='word_1_286' title='bbox 1627 2967 1717 2996; x_wconf 85' lang='lat' dir='ltr'><strong>vox</strong></span> 
     </span>
    </p>
   </div>
  </div>
 </body>
</html>
