2040 3412
1091 263 1114 292 2

298 385 450 413 nemo.
495 369 622 425 Quae
666 385 735 412 res
774 372 1006 425 quomodo
1039 385 1086 412 se
1120 371 1328 412 habuerit
1362 371 1516 425 paucis
1549 384 1729 412 narrare
1761 371 1899 413 iuvat.

359 451 545 492 Tacitus
593 456 638 491 et
689 450 954 492 Plutarchus
1001 451 1046 491 in
1096 451 1348 491 enarranda
1397 450 1568 491 Galbae
1613 449 1900 505 Othonisque

299 530 487 571 historia
528 530 752 583 permulta
793 530 966 571 habent
998 530 1270 579 communia,
1305 543 1395 570 non
1429 529 1573 570 solum
1608 554 1667 559 —-—
1698 530 1743 571 id
1777 515 1901 584 quod

299 611 377 651 vix
409 610 560 651 dicere
594 623 707 663 opus
734 634 792 639 —
819 623 888 650 res
916 609 1140 664 factaque,
1170 610 1249 650 sed
1279 610 1416 651 etiam
1444 623 1592 650 rerum
1621 615 1901 652 narratarum

298 690 659 743 dispositionem,
694 689 911 730 orationis
945 689 1127 738 lumina,
1163 688 1412 730 sententias
1447 695 1493 730 et
1525 689 1634 742 quid
1664 687 1784 730 non'?
1813 688 1902 731 Hic

298 770 334 810 si
369 769 499 810 nobis
531 769 730 810 licuisset
763 783 940 810 sumere
969 770 1014 810 id
1046 769 1170 822 quod
1199 774 1363 822 sponte
1388 782 1437 809 se
1465 768 1597 810 offert
1625 793 1682 799 —
1710 769 1906 811 vitarum

302 849 571 903 scriptorem
615 863 673 890 ex
714 849 911 890 historiis
954 849 1153 890 hausisse
1187 873 1244 878 —
1278 849 1557 890 incommodi
1591 847 1701 889 nihil
1735 848 1905 890 fuisset.

304 928 370 969 At
430 929 475 969 id
534 930 682 983 ipsum
739 928 1022 970 severissima
1078 920 1177 982 lege
1236 941 1412 969 sumere
1461 923 1742 977 vetabamur,
1790 941 1907 983 quae

305 1007 591 1061 gravissimas
639 1008 896 1049 minabatur
943 1021 1136 1062 poenas:
1187 1008 1270 1048 nisi
1319 1008 1443 1049 stulti
1486 1007 1730 1062 stolidique
1774 1012 1820 1049 et
1862 1007 1908 1049 in

307 1087 550 1141 republica
582 1088 814 1129 literarum
858 1088 1061 1142 hospites
1094 1088 1183 1129 dici
1217 1087 1448 1136 vellemus,
1480 1101 1743 1142 persuasum
1777 1087 1909 1130 nobis

307 1181 403 1209 esse
458 1168 658 1209 debebat
704 1183 726 1208 e
771 1168 989 1210 communi
1034 1167 1158 1209 fonte
1206 1167 1404 1208 hausisse
1453 1167 1498 1208 et
1545 1167 1811 1209 historicum
1861 1166 1908 1208 et

319 1248 635 1302 biographum.

380 1327 450 1368 Ita
476 1328 534 1368 de
562 1327 787 1369 Plutarchi
813 1327 998 1382 quidem
1022 1327 1231 1368 laudibus
1255 1326 1365 1367 nihil
1389 1326 1681 1368 demebatur:
1706 1326 1914 1381 quamvis

318 1408 438 1448 enirn
473 1407 615 1448 multa
645 1408 877 1449 sumsisset
909 1407 967 1448 ab
999 1407 1101 1456 alio,
1136 1420 1240 1448 suus
1273 1406 1313 1447 ei
1341 1406 1574 1460 perstabat
1600 1405 1767 1448 honor:
1795 1419 1913 1461 quae
1945 1457 1958 1469 ⁸

317 1488 424 1529 alibi
472 1488 516 1529 in
565 1489 781 1529 continua
827 1488 977 1542 aliqua
1025 1488 1211 1529 historia
1254 1488 1490 1528 invenerat
1531 1487 1589 1528 ad
1633 1486 1824 1528 Galbam
1867 1491 1914 1528 et

319 1567 552 1609 Othonem
586 1569 874 1622 pertinentia,
908 1582 962 1609 ea
994 1573 1210 1622 excerpta
1241 1568 1304 1608 sic
1337 1568 1600 1621 digesserat,
1633 1567 1696 1608 sic
1723 1555 1914 1609 adorna-

321 1653 460 1697 verat,
505 1648 567 1688 sic
612 1653 911 1702 proposuerat
953 1653 1002 1689 ut
1044 1648 1186 1688 iustae
1220 1647 1467 1688 evaderent
1500 1647 1650 1697 Vitae,
1683 1646 1914 1713 eleganter

321 1727 620 1781 perscriptae:
649 1727 811 1768 artifex
840 1741 947 1781 ergo
976 1732 1071 1768 erat
1097 1727 1325 1781 putandus
1343 1726 1419 1780 qui
1439 1726 1631 1767 honesto
1648 1725 1914 1781 liberalique

319 1806 475 1847 labore
507 1806 793 1848 laudabiliter
825 1813 944 1848 esset
977 1806 1251 1861 perfunctus.

382 1885 449 1927 At
491 1886 654 1927 misero
698 1886 858 1927 Tacito
901 1885 1011 1927 nihil
1054 1886 1254 1927 restabat
1296 1886 1419 1940 quod
1463 1885 1695 1940 proprium
1726 1885 1916 1928 haberet

321 1979 555 2019 suumque.
589 1966 789 2007 Aliunde
822 1972 918 2007 erat
952 1971 1182 2007 mutuatus
1214 1979 1317 2006 cum
1349 1965 1483 2007 rebus
1510 1965 1661 2015 verba,
1689 1979 1791 2007 cum
1819 1979 1916 2007 ver-

322 2046 390 2087 bis
429 2046 746 2095 elocutionem,
784 2060 891 2095 ‚cum
925 2046 1181 2088 elocutione
1213 2045 1383 2087 lumina
1417 2051 1462 2086 et
1495 2050 1775 2087 ornamenta.
1810 2045 1916 2088 Non

321 2125 500 2166 artifex·
526 2131 623 2166 erat
665 2126 743 2166 sed
787 2127 1030 2180 operarius,
1075 2140 1165 2168 non
1207 2126 1401 2180 scriptor
1442 2126 1521 2166 sed
1565 2125 1784 2175 librarius,
1823 2138 1915 2168 non

322 2205 436 2246 liber
466 2205 604 2247 homo
636 2206 716 2246 sed
748 2219 915 2247 servus.
952 2206 1113 2260 Neque
1146 2219 1360 2260 unquam,
1395 2205 1611 2259 quamdiu
1643 2205 1836 2260 scripsit,
1867 2217 1916 2246 se

322 2285 570 2326 vindicavit
603 2286 647 2326 in
681 2285 953 2327 libertatem.
989 2286 1093 2327 Non
1127 2286 1247 2327 enim
1276 2286 1321 2326 in
1351 2285 1562 2326 Historiis
1588 2285 1735 2326 solum
1762 2297 1915 2327 occur-

321 2370 425 2405 runt
472 2378 526 2406 ea
573 2378 689 2418 quae
737 2365 898 2406 Tacito
942 2366 1202 2407 communia
1243 2370 1348 2406 sunt
1391 2378 1493 2406 cum
1538 2363 1792 2415 Plutarcho,
1835 2364 1916 2406 sed

324 2445 461 2484 etiam
494 2444 538 2484 in
571 2444 729 2486 ultima
751 2452 884 2499 parte
908 2445 1149 2487 Annalium
1177 2444 1399 2485 eiusmodi
1426 2444 1596 2498 aliquid
1624 2432 1851 2485 invenitur
1870 2442 1915 2499 ¹).

326 2524 448 2577 Ergo
480 2524 537 2564 ab
571 2537 626 2564 eo
658 2524 763 2565 inde
796 2530 1003 2579 tempore
1038 2539 1153 2566 cum·
1173 2525 1369 2579 primum
1400 2525 1601 2566 animum
1634 2525 1692 2566 ad
1719 2524 1916 2566 scriben-

325 2604 432 2644 dum
469 2603 657 2657 appulit,
693 2618 833 2657 usque
866 2605 922 2646 ad
958 2605 1066 2646 illud
1100 2618 1190 2658 quo
1223 2605 1382 2658 ingens
1414 2617 1543 2644 suum
1575 2603 1771 2644 absolvit
1803 2616 1918 2658 opus

326 2682 579 2723 describere
614 2689 794 2736 poterat
828 2716 837 2725 .
873 2716 882 2724 .
917 2716 926 2725 .
960 2684 1093 2725 altius
1126 2697 1216 2724 non
1249 2683 1469 2737 sapiebat.

385 2761 575 2811 ,‚Crede,
603 2776 694 2803 non
723 2764 907 2817 quidem
934 2765 1038 2818 quia
1066 2763 1312 2805 absurdum
1338 2763 1418 2803 sed
1443 2763 1647 2816 quamvis
1663 2762 1746 2804 tibi
1763 2762 1917 2804 absur-

379 2932 412 2975 1)
439 2933 531 2964 Ann.
559 2932 638 2975 XV,
666 2940 708 2973 72
736 2933 815 2965 coll.
843 2945 919 2966 cum
946 2935 1036 2966 Plut.
1064 2934 1166 2966 Galb.
1193 2943 1222 2965 c.
1249 2941 1282 2973 9.
