2040 3412
1057 983 1164 1026 V11.

373 1133 451 1176 Ad
493 1133 685 1176 Pollium
729 1148 847 1176 nunc
889 1136 1027 1177 redeo
1065 1134 1356 1190 lepidamque
1390 1135 1485 1176 eius
1516 1135 1573 1177 de
1605 1132 1815 1196 populari

315 1214 484 1268 quendi
526 1214 639 1256 vitio
671 1214 1051 1264 observationem,
1086 1228 1177 1269 quo
1209 1228 1344 1270 saepe
1376 1214 1596 1266 homines,
1629 1215 1740 1258 dum
1765 1215 1809 1273 q'

315 1293 507 1348 plurima
539 1293 775 1344 vocabula,
808 1308 889 1336 suo
921 1300 1118 1349 cognata
1149 1294 1344 1346 affectui,
1377 1309 1517 1340 unum
1549 1295 1596 1338 in
1627 1294 1796 1341 locum»

315 1379 492 1428 gerunt,
532 1375 790 1429 argumenti
820 1374 887 1416 sui
920 1374 1012 1416 vim
1044 1374 1162 1416 ultro
1192 1373 1455 1429 infringunt.
1489 1375 1586 1417 Iam
1617 1370 1758 1423 unum

315 1454 438 1507 apud
473 1453 684 1495 Tacitum
717 1453 919 1495 eiusdem
953 1454 1050 1496 vitii
1085 1453 1136 1509 (si
1168 1454 1258 1496 iam
1291 1454 1451 1496 vitium
1483 1453 1572 1496 dici
1603 1436 1765 1510 pote&
1779 1448 1805 1489 Ῑ

317 1546 375 1574 ex
417 1533 514 1587 ipsa
555 1533 750 1574 hominis
788 1534 986 1575 nascitur
1018 1534 1187 1589 mente)
1222 1539 1400 1576 exstare
1433 1532 1810 1590 exemplumd
1876 1560 1933 1600 „5¹⁴—

316 1612 453 1654 stravi
497 1612 572 1667 (H.
616 1613 650 1663 Ι,
697 1613 780 1667 33),
819 1613 1171 1668 dubitanterque
1205 1614 1262 1655 de
1294 1613 1438 1655 altero
1471 1613 1649 1656 locutus
1679 1609 1927 1676 sums-⁴„

316 1692 391 1747 (A.
421 1692 454 1742 1,
481 1692 526 1746 4)
559 1692 635 1733 ubi
668 1692 791 1733 idem
817 1705 899 1734 usu
928 1693 1082 1734 venire
1110 1693 1353 1735 videretur.
1381 1693 1586 1735 Tertium
1614 1678 1734 1737 m'mc
1755 1689 1795 1736 1
1816 1678 1923 1760 2²13.

315 1772 495 1822 addam,
534 1772 611 1826 qui
643 1777 766 1814 recte
798 1771 988 1827 intelligi
1022 1773 1131 1814 mihi
1164 1786 1255 1815 non
1288 1786 1421 1828 posse
1453 1773 1635 1834 videtur
1665 1773 1749 1816 nisi
1781 1770 1896 1817 Pvf÷⁵

315 1851 415 1892 luce
448 1850 706 1892 illustretur.

380 1929 438 1971 H.
487 1930 569 1980 IV,
620 1941 687 1984 32.
736 1930 935 1972 Mittitur
981 1931 1038 1973 ad
1088 1930 1278 1973 Civilem
1325 1945 1352 1973 a
1399 1931 1618 1974 Romanis
1664 1931 1811 1975 Mon

319 2009 480 2051 Trevir
516 2014 590 2063 „ut
621 2009 861 2051 absisteret
892 2009 1014 2051 bello
1041 2024 1156 2052 neve
1184 2017 1374 2053 externa
1397 2024 1523 2053 arma
1548 2009 1670 2053 falsis
1695 2023 1726 2053 v
1778 2030 1812 2067 ss

319 2094 367 2130 at
409 2088 564 2130 Civilis
610 2088 712 2142 „ubi
756 2089 880 2130 videt
924 2089 1195 2131 Montanum
1228 2090 1538 2145 praeferocem
1569 2090 1770 2145 ingenio?
1796 2113 1809 2141 ι,

320 2173 510 2223 tumque
551 2169 596 2210 in
638 2182 708 2210 res
740 2168 911 2210 novas''
943 2169 1061 2211 ultro
1095 2183 1198 2211 eum
1229 2170 1289 2212 ad
1321 2169 1428 2212 belli
1460 2169 1600 2212 allicit
1629 2164 1803 2215 sociem
1885 2227 1906 2231 „

320 2248 526 2290 oratione
572 2247 797 2299 habenda,
841 2262 958 2303 quae
999 2249 1045 2290 in
1087 2254 1179 2290 tres
1221 2249 1438 2291 dividitur
1479 2254 1655 2304 partes:
1696 2263 1740 2293 a.
1780 2254 1812 2285 Ἰ

319 2341 406 2382 ego
433 2328 622 2370 ulciscor
649 2328 832 2370 iniurias
858 2341 885 2369 a
910 2328 1128 2370 Romanis
1153 2333 1378 2383 acceptas,
1406 2329 1570 2384 quibus
1596 2329 1633 2371 si
1650 2326 1819 2373 vos'fid
1878 2324 1903 2339 ⁵

320 2408 586 2458 manseritis,
630 2421 740 2449 mox
771 2408 894 2450 idem
927 2408 1051 2462 quod
1084 2421 1170 2462 ego
1202 2408 1513 2462 experiemini.
1542 2408 1582 2450 b.
1615 2407 1795 2469 vimi?

321 2502 556 2529 manorum
603 2489 785 2529 vincere
833 2492 985 2542 potest
1033 2487 1344 2528 Romanorum
1392 2470 1811 2531 multitudinemsc
1831 2541 1832 2544 Ἴ
1853 2541 1860 2546 „

319 2572 473 2608 tamen
516 2568 624 2609 victi
667 2568 845 2617 erimus,
888 2567 1016 2622 peior
1056 2566 1151 2607 fieri
1195 2567 1398 2608 conditio
1435 2572 1591 2609 nostra
1622 2579 1714 2610 non
1757 2587 1797 2603 ν·
1885 2565 1911 2573 ”
1942 2601 1951 2627 3

321 2646 482 2687 Altera
514 2652 666 2688 autem
699 2660 803 2701 pars
834 2647 898 2688 sic
931 2646 990 2687 ab
1022 2659 1078 2687 eo
1111 2645 1393 2688 enuntiatur:
1950 2628 1953 2637 η

387 2725 483 2777 „En
525 2739 625 2779 ego,
667 2725 922 2779 praefectus
958 2726 1088 2767 unius
1120 2725 1319 2766 cohortis
1350 2730 1397 2766 et
1429 2724 1752 2767 Canninefates

322 2804 472 2857 vique,
515 2804 679 2858 exigua
722 2803 967 2845 Galliarum
1006 2804 1170 2858 portio,
1214 2817 1330 2846 vana
1371 2803 1446 2845 illa
1487 2803 1811 2847 castrorum‘s
1871 2850 1884 2864 γ

323 2883 574 2924 excidimus
606 2883 677 2924 vel
710 2889 867 2937 saepta
900 2883 1017 2924 ferro
1050 2882 1259 2937 fameque
1291 2883 1579 2938 premimus”.

383 2960 430 3002 Si
472 2959 717 3014 Qimmensa
748 2962 824 3003 illa
855 2960 1029 3003 castra”
1064 2962 1264 3011 dixisset,
1298 2962 1441 3004 multo
1473 2962 1692 3005 maiorem
1722 2961 1804 3005 ha·
