2040 3412
14 422 30 440 .·
87 403 238 446 muroS
270 402 450 447 interim
483 407 677 448 ambiret
705 407 1189 464 oppugnationemque
1217 411 1393 453 eminus
1422 412 1656 467 inciperet.
1689 452 1703 467 ,

849 297 929 341 225

1664 412 1688 428 99

102 482 108 485 ¹
145 483 410 527 Claudicare
439 486 693 528 orationem
723 488 870 542 quivis
899 489 1037 538 videt,
1068 490 1147 531 sed
1178 504 1268 531 non
1297 492 1541 533 restituunt
1570 506 1685 543 eam,

85 564 163 619 qui
191 578 274 619 pro
301 565 388 607 levi
412 566 616 607 scribunt
643 567 751 609 levis
778 574 824 609 et
851 582 878 610 a
897 571 1236 627 praemissaque
1265 585 1434 613 novum
1463 572 1687 627 incipiunt

85 642 249 686 colum.
299 644 482 699 Quanto
525 647 690 688 rectius
734 647 947 690 Heinsius
989 649 1077 691 levi
1116 651 1282 692 retinet
1326 652 1404 693 sed
1438 666 1519 706 que
1550 653 1685 704 eiicit,

83 730 134 767 ut
181 726 335 767 omnia
376 726 439 768 sic
483 727 748 769 decurrant:
799 729 970 781 „lucem
1013 731 1259 785 opperitur,
1306 733 1554 786 praemissa
1596 733 1684 774 levi

83 811 311 847 armatura
342 820 381 848 e.
400 820 443 861 q.
462 806 526 848 s.”

110 883 201 928 Ἀ.
251 886 379 936 XIII,
431 896 498 940 54.
535 887 681 937 Frisii,
728 890 813 930 rati
862 890 1000 931 duces
1048 892 1280 933 Romanos
1330 893 1496 934 vetitos
1538 894 1686 936 castra

37 997 42 1004 .
83 966 288 1017 movere,
326 967 562 1009 Romanae
607 969 798 1010 dicionis
830 983 963 1024 agros
996 972 1219 1024 quosdam
1252 967 1420 1014 'vacuos
1453 981 1681 1029 occupant

82 1051 129 1088 et
161 1052 210 1088 ut
241 1060 346 1105 suos
379 1054 596 1089 exercent
628 1049 889 1090 auctoribus
923 1046 1107 1092 Verrito
1141 1057 1187 1093 et
1223 1052 1457 1107 Malorige.
1507 1053 1650 1096 Tum:

146 1127 350 1181 „Dubius
391 1127 572 1178 Avitus,
616 1135 807 1183 accepta
850 1144 875 1171 a
920 1130 1106 1172 Paulino
1140 1133 1388 1186 provincia,
1426 1135 1682 1177 minitando

82 1206 191 1250 virn'
218 1207 487 1258 Romanam,
533 1210 616 1250 nisi
659 1210 960 1251 abscederent
995 1212 1126 1253 Frisii
1159 1218 1335 1254 veteres
1368 1214 1412 1255 in
1445 1214 1571 1256 locos
1603 1222 1682 1257 aut

81 1302 248 1331 novam
290 1276 452 1330 sedem‘
489 1303 515 1330 a
558 1289 750 1331 Caesare
790 1291 1101 1345 impetrarent,
1136 1293 1333 1348 perpulit
1367 1294 1601 1336 Verritum
1635 1301 1682 1337 et

83 1368 396 1424 Malorigem.”

141 1449 262 1504 Quid
291 1451 455 1492 certius
484 1464 621 1505 quam
650 1451 821 1505 puerile
850 1452 969 1493 istud
998 1453 1145 1495 Frisii
1160 1467 1184 1494 e
1203 1455 1405 1509 margine
1423 1456 1683 1510 irrepsisse?

140 1530 199 1572 A.
248 1531 377 1581 XIV,
427 1542 496 1573 20.
548 1532 741 1586 Antiqui
792 1533 928 1574 moris
975 1533 1183 1575 homines
1231 1549 1375 1576 novos
1422 1550 1449 1576 a
1499 1536 1681 1578 Nerone

80 1607 310 1654 institutos
349 1611 481 1654 ludos
520 1626 654 1667 aegre
688 1613 908 1664 ferebant,
942 1616 1458 1670 commemorabantque
1492 1631 1681 1659 avorum

79 1691 440 1747 indignationem
475 1693 518 1734 in
554 1693 845 1748 Pompeium:

81 1770 83 1773 ’
143 1773 292 1827 „quod
351 1787 608 1815 mansuram
655 1774 821 1815 theatri
869 1775 1026 1815 sedem
1075 1776 1312 1829 posuisset.
1379 1777 1497 1818 Nam
1545 1783 1680 1819 antea

76 1852 304 1894 subitariis
345 1853 561 1907 gradibus
606 1859 652 1894 et
694 1867 858 1895 scaena
901 1855 946 1895 in
991 1860 1171 1909 tempus
1214 1862 1385 1898 structa
1428 1857 1560 1899 ludos
1605 1859 1678 1899 edi

77 1932 256 1983 solitos3
304 1933 375 1975 vel
418 1934 454 1975 si
496 1935 746 1975 vetustiora
788 1941 980 1989 repetas,
1016 1941 1214 1977 stantem
1248 1937 1468 1991 populum
1502 1944 1678 1992 specta-

77 2013 208 2067 visse,
233 2027 304 2063 ne,
328 2014 364 2055 si
390 2014 661 2063 consideret,
687 2015 867 2056 theatro
893 2015 989 2056 dies
1007 2021 1130 2056 totos
1147 2016 1328 2069 ignavia
1347 2017 1679 2059 continuaret.’'

83 2106 89 2128 ἒ
137 2093 407 2134 Rectissime
450 2093 668 2148 Agricola
711 2094 979 2148 particulam
1023 2109 1086 2145 ne,
1131 2109 1247 2149 quae
1291 2096 1335 2137 in
1380 2098 1539 2138 codice
1574 2103 1679 2151 post

73 2174 349 2217 continuaret
374 2174 549 2229 legitur,
580 2175 667 2216 huc
697 2176 942 2226 transiecit,
973 2176 1050 2217 ubi
1079 2190 1197 2217 nunc
1222 2182 1291 2217 est
1314 2177 1358 2218 in
1378 2178 1671 2220 editionibus.

74 2252 166 2297 Sed
191 2268 282 2296 non
309 2255 499 2310 perfecit
526 2256 919 2306 emendationem;
947 2256 1049 2297 ferri
1068 2257 1189 2297 enim
1208 2270 1298 2298 non
1319 2263 1471 2311 potest
1488 2258 1677 2309 theatro,

73 2335 168 2377 sive
201 2349 304 2377 cum
337 2337 589 2387 consideret,
623 2337 718 2378 sive
752 2350 854 2378 cum
888 2337 1166 2379 continuaret
1197 2338 1356 2391 iungis.
1392 2338 1443 2379 In
1474 2340 1676 2393 margine

73 2415 312 2470 adscripsit
345 2416 412 2457 vir
445 2416 630 2470 probior
664 2430 801 2470 quam
834 2416 1072 2466 sollertior,
1102 2422 1309 2458 metuens
1338 2432 1393 2460 ne
1422 2420 1522 2473 quis
1550 2420 1676 2475 igno-

74 2501 193 2537 raret
225 2510 341 2551 quae
374 2497 559 2551 ignavia
593 2496 666 2538 hic
702 2503 821 2538 esset
853 2497 1163 2551 intelligenda.

83 2598 85 2600 ·
132 2576 191 2618 A.
235 2576 362 2626 XIV,
401 2578 467 2631 38.
502 2578 554 2618 In
589 2577 822 2618 Britannia
854 2577 992 2618 Iulius
1026 2577 1247 2619 Classicus
1281 2586 1547 2633 procurator
1580 2595 1675 2622 om-

74 2655 205 2698 nibus
245 2657 393 2698 modis
437 2656 718 2707 Suetonium,
759 2658 835 2711 qui
867 2657 1088 2699 hactenus
1122 2659 1246 2699 vario
1281 2666 1447 2702 eventu
1484 2676 1579 2703 rem
1613 2662 1674 2703 ibi

74 2742 287 2790 gesserat,
321 2738 640 2792 oppugnabat:

137 2817 293 2869 „simul
336 2817 379 2858 in
422 2818 581 2858 urbem
626 2818 874 2859 mandabat
919 2817 1090 2859 nullum
1123 2818 1398 2872 proeliorum
1427 2821 1564 2864 finem
1597 2838 1674 2865 ex-

72 2902 322 2951 pectarent,
358 2898 441 2939 nisi
473 2899 794 2940 succederetur
822 2898 1057 2948 Suetonio,
1087 2899 1212 2939 cuius
1239 2901 1432 2943 adversa
1459 2904 1673 2956 pravitati

72 2977 224 3032 ipsius,
258 2991 476 3032 prospera
510 2980 574 3021 ad
591 2981 836 3034 fortunam
869 2980 1010 3033 ipsius
1042 2979 1312 3022 referebat.”

1489 3070 1528 3107 15
