2040 3412
1085 254 1169 296 232

333 363 654 417 Nipperdeius,
684 363 762 404 sed
792 364 914 417 quod
943 363 1016 404 ille
1045 365 1172 405 dedit
1190 365 1494 420 popularitate
1510 378 1657 419 neque
1675 365 1922 428 admodum

330 443 515 497 elegans
558 449 624 484 est
669 458 751 485 nec
795 444 1048 486 verisimile.
1097 444 1143 487 Si
1187 446 1287 499 quis
1328 446 1374 487 et
1406 445 1638 487 Taciteam
1671 447 1924 488 orationem

330 524 588 564 restitutam
633 524 678 564 e‘t
722 525 980 565 convictum
1026 525 1398 579 interpolatorem
1443 526 1581 580 cupit,
1624 531 1773 567 totum
1813 525 1923 569 illud

320 611 412 657 pro
460 604 667 646 claritate
713 610 790 645 aut
839 604 988 646 deleat
1035 611 1112 646 aut
1162 606 1311 646 denuo
1360 606 1403 647 in
1448 606 1697 660 marginem
1739 605 1924 661 releget.

331 684 443 725 Cum
477 684 597 725 enim
628 684 860 738 eleganter
887 686 1071 739 quidem
1101 687 1178 727 sed
1209 686 1344 740 paulo
1372 686 1604 728 obscurius
1629 686 1926 741 significasset

330 764 518 805 Tacitus
562 763 782 806 Sabinum
825 778 922 806 esse
955 771 1229 814 accusatum,
1263 766 1385 819 quod
1419 766 1462 807 in
1497 765 1818 820 proconsulatu
1849 780 1926 822 ge·

331 845 473 886 rendo
510 858 599 885 non
633 850 727 885 tam
761 845 992 899 publicum
1020 846 1312 886 commodum
1341 860 1477 899 quam
1504 846 1634 887 suum
1661 852 1926 901 spectasset,

332 926 571 966 annotavit
614 925 775 979 aliquis
811 933 900 979 pro
941 926 1162 975 clarz'tate‚·
1203 940 1367 980 nempe
1405 933 1454 968 ut
1487 927 1673 968 doceret
1705 926 1924 969 Sabinum

332 1005 433 1046 huic
483 1005 545 1045 rei
595 1006 860 1059 praesertim
908 1006 952 1046 in
1001 1007 1232 1060 provincia
1281 1006 1459 1048 dedisse
1505 1020 1690 1060 operam
1737 1012 1787 1048 ut
1829 1006 1925 1062 ipse

331 1085 661 1126 inclaresceret.
697 1085 756 1126 Et
790 1086 906 1127 bene
940 1087 1124 1140 quidem
1159 1086 1305 1128 Taciti
1340 1087 1571 1141 perspexit
1604 1092 1805 1128 mentem
1837 1085 1925 1137 ille,

331 1166 410 1206 sed
430 1165 616 1219 pulchre
634 1165 964 1206 conformatam
982 1167 1275 1207 sententiam:
1301 1167 1540 1220 „quodque
1558 1165 1926 1220 proconsulatum

331 1245 416 1285 sibi
445 1245 596 1298 potius
624 1246 1022 1287 accommodatum
1041 1259 1176 1299 quam
1195 1259 1253 1286 ex
1271 1245 1464 1286 utilitate
1484 1246 1713 1287 communi
1731 1245 1924 1300 egisset”

332 1326 533 1379 corrupit
566 1325 642 1379 qui
676 1326 1033 1374 annotationem,
1069 1327 1276 1380 quamvis
1314 1326 1599 1380 prudentem,
1632 1325 1886 1368 admiscuit.

393 1406 465 1446 Ex
482 1405 703 1448 Historiis
719 1406 856 1447 hosce
875 1406 1138 1460 praesertim
1157 1407 1280 1447 locos
1299 1406 1414 1447 hanc
1433 1405 1635 1461 flagitare
1654 1406 1925 1449 medicinam

333 1487 515 1540 opinor:

395 1566 452 1606 H.
483 1566 516 1615 I,
547 1577 584 1606 2.
611 1566 741 1607 Brevi
761 1572 1009 1620 conspectu
1029 1566 1147 1608 mala
1165 1580 1446 1616 enumerans,
1465 1566 1628 1620 quibus
1646 1580 1700 1607 eo
1719 1571 1925 1622 tempore

333 1646 391 1686 sit
415 1646 582 1687 afflicta
608 1646 878 1700 respublica,
904 1647 960 1688 de
985 1660 1075 1700 quo
1100 1647 1188 1688 iam
1215 1647 1272 1688 sit
1296 1647 1555 1701 scripturus,
1574 1652 1620 1688 et
1637 1646 1724 1688 alia
1741 1646 1926 1688 Tacitus

333 1726 504 1780 profert
537 1731 582 1766 et
615 1726 724 1767 hoc:

398 1805 591 1863 „haustaq
619 1811 695 1847 aut
732 1806 895 1847 obruta
928 1806 1247 1847 fecundissima
1280 1806 1556 1861 Campaniae
1589 1806 1710 1848 ora.”

394 1884 558 1926 Statim
603 1886 709 1926 dedi
752 1886 917 1936 locum,
961 1887 1076 1927 sicut
1110 1900 1265 1927 revera
1298 1900 1324 1928 a
1356 1887 1519 1929 Tacito
1553 1893 1622 1929 est
1655 1887 1848 1942 scriptus
1880 1892 1927 1928 et

334 1965 448 2006 sicut
490 1979 592 2006 eum
627 1965 889 2006 Woelfflinii
922 1966 1119 2006 restituit
1151 1979 1364 2016 acumem
1398 1967 1644 2008 admodum
1680 1966 1800 2008 enim
1833 1980 1951 2009 cor-1

333 2050 516 2099 ruptum
561 2059 663 2086 eum
707 2045 893 2086 exhibet
926 2046 1074 2086 codex
1108 2046 1355 2087 Medieeus.
1405 2045 1589 2088 Scilicet
1620 2046 1776 2096 lector,
1810 2059 1927 2100 quae

334 2126 391 2165 de
432 2126 612 2167 urbibus
646 2125 872 2180 Pompeiis
905 2125 1284 2179 Herculaneoque
1318 2126 1476 2167 dirutis
1509 2127 1690 2180 cognita
1721 2104 1924 2177 haberet,

334 2218 436 2245 cum
464 2205 549 2245 sibi
579 2206 773 2246 retinere
802 2219 892 2246 non
920 2211 1086 2260 posset,
1115 2219 1244 2246 suum
1273 2206 1401 2247 urbes
1427 2206 1613 2256 infersit,
1642 2220 1733 2260 quo
1754 2206 1923 2248 sactum

334 2290 402 2325 est
428 2290 476 2325 ut
502 2298 603 2325 cum
628 2285 894 2338 gravissimo
920 2286 1173 2326 sententiae
1200 2286 1489 2335 detrimento,
1515 2299 1616 2327 cum
1635 2299 1924 2328 numerorum

334 2364 623 2405 Taciteorum
643 2365 842 2418 pernicie
861 2371 966 2406 ante
982 2365 1304 2406 Woelfflinium
1317 2366 1453 2419 vulgo
1467 2366 1693 2407 ederetur:
1713 2365 1925 2419 „haustae

334 2449 411 2484 aut
444 2444 634 2484 obrutae
669 2444 802 2484 urbes
835 2444 1156 2485 fecundissima
1190 2444 1466 2499 Campaniae
1499 2444 1619 2486 ora.”
1693 2432 1699 2437 ⁵

394 2523 452 2563 H.
487 2523 520 2572 I,
558 2532 595 2576 5.
632 2524 701 2563 De
735 2523 879 2564 Galba
913 2523 986 2564 alii
1021 2525 1194 2578 optima
1222 2538 1428 2578 quaeque
1456 2524 1804 2579 augurabantur,
1831 2523 1929 2566 aliis

335 2603 458 2655 ipsae
494 2604 682 2643 virtutes
715 2603 810 2655 eius
842 2609 1083 2657 suspectae
1117 2610 1267 2645 erant:

398 2681 633 2733 „Laudata
678 2681 785 2722 olim
829 2687 874 2722 et
918 2682 1102 2723 militari
1146 2683 1266 2724 sama
1306 2682 1534 2724 celebrata
1576 2683 1792 2724 severitas
1833 2683 1928 2724 eius

334 2761 534 2813 angebat
568 2767 862 2815 aspernantes
896 2767 1099 2803 veterem
1128 2763 1411 2817 disciplinam
1440 2769 1577 2816 atque
1605 2763 1668 2803 ita
1694 2764 1927 2816 quattuor-

335 2840 483 2879 decim
531 2841 658 2880 annis
706 2855 732 2881 a
781 2841 965 2882 Nerone
1014 2842 1310 2891 assuefactos,
1359 2848 1408 2883 ut
1455 2842 1575 2883 haud
1623 2831 1770 2883 minus
1814 2842 1926 2883 vitia

334 2919 588 2973 principum
621 2927 842 2970 amarent,
877 2935 1014 2975 quam
1048 2921 1156 2962 olim
1190 2923 1379 2963 virtutes
1412 2921 1727 2963 verebantur.”
