2040 3412
881 295 959 339 105

26 393 70 465 Ϊμ
129 401 397 444 Flavianam
431 404 626 458 prodere
648 405 941 458 ‘insimulant3
975 408 1096 450 solus
1129 397 1360 451 Antonius
1393 410 1489 465 ipse
1523 423 1732 465 praesen·

128 485 222 523 tem
254 481 313 523 ab
346 495 400 524 eo
434 483 682 537 perniciem
716 486 894 528 avertit.
929 486 1182 541 Aliquanto
1215 494 1342 543 post:

191 561 452 615 „Profectus
479 563 640 604 eadem
670 570 805 606 nocte
834 565 1079 608 Flavianus
1106 568 1253 610 obviis
1277 569 1547 624 Vespasiani
1570 569 1732 611 litteris

126 641 373 684 discrimini
406 649 646 698 exemptus
681 644 791 687 est”.

186 721 308 778 Quid
350 737 508 766 revera
551 723 721 766 facturn
763 726 821 767 sit
863 739 887 767 e
930 726 1077 768 Taciti
1121 727 1270 769 verbis
1311 729 1388 770 vix
1421 729 1601 779 efficias,
1635 734 1729 770 tam

124 803 325 846 breviter
367 809 414 845 et
457 803 647 846 obscure
690 805 911 859 loquitur;
957 807 1067 861 quid
1105 807 1226 849 enim
1259 813 1329 849 est
1366 808 1537 862 „obviis
1570 808 1732 850 litteris

124 883 371 926 discrimini
402 883 589 926 eximi”?
622 884 894 927 Coniectura
927 887 1111 928 demum
1145 887 1190 929 e‘t
1218 901 1375 929 eorum
1402 888 1447 930 et
1474 889 1614 930 totius
1641 888 1728 930 loci

123 977 306 1006 sensum
352 965 647 1020 assequimur.
696 965 932 1008 Facundia
973 980 1053 1008 sua
1094 973 1140 1008 et
1184 956 1454 1009 auctoritate
1497 968 1729 1010 Antonius

124 1043 368 1086 furentium
417 1044 611 1087 militum
659 1046 868 1087 manibus
910 1039 1076 1102 eripuit
1119 1047 1402 1098 Flavianum,
1449 1053 1508 1099 et,
1550 1053 1601 1090 ut
1643 1062 1729 1102 ego

27 1175 28 1178 Ἴ
125 1124 301 1180 opinor,
343 1125 388 1167 in
431 1139 513 1167 suo
556 1126 846 1168 abscondidit
878 1127 1187 1178 tabernaculo,
1223 1129 1343 1170 unde
1377 1134 1511 1170 nocte
1544 1129 1729 1170 demum

125 1205 295 1260 prodiit
337 1204 411 1247 ille
453 1211 499 1247 et
542 1219 567 1247 e
609 1206 767 1248 castris
810 1207 1023 1261 profugit.
1068 1208 1119 1248 In
1163 1222 1217 1249 ea
1249 1208 1354 1262 fuga
1387 1208 1570 1250 obviam
1604 1209 1730 1251 venit

10 1264 18 1272 i
78 1269 79 1273 Ἰ
125 1283 396 1340 Vespasiani
435 1286 604 1327 nuntiis
639 1286 926 1340 quibusdam,
961 1287 1076 1329 forte
1109 1289 1166 1330 ad
1200 1289 1346 1343 ipsum
1379 1289 1552 1331 litteras
1586 1290 1729 1332 feren-

123 1364 259 1415 tibus,
301 1366 465 1420 quibus
508 1367 707 1408 munitus
750 1367 839 1409 iam
878 1368 922 1408 in
962 1374 1109 1409 castra
1141 1369 1288 1410 redire
1321 1374 1366 1410 et
1399 1369 1495 1410 sine
1528 1370 1729 1424 periculo

123 1445 186 1487 ibi
229 1459 412 1487 manere
456 1452 630 1500 potest:
674 1453 994 1502 argumentum
1035 1449 1157 1490 enim
1190 1462 1344 1490 earum
1377 1450 1599 1491 eiusmodi
1633 1456 1729 1492 erat

125 1531 175 1567 ut
217 1525 303 1568 illis
345 1527 561 1582 inspectis
603 1541 660 1568 ne
702 1527 951 1570 turbulenti
994 1529 1180 1583 quidem
1215 1529 1290 1579 illi,
1325 1530 1439 1580 irati,
1473 1531 1728 1585 suspicaces

127 1605 293 1648 milites
335 1607 543 1649 dubitare
571 1599 773 1662 -posseht
808 1608 917 1663 quin
950 1610 1072 1663 apud
1108 1609 1442 1664 Vespasianum
1476 1611 1520 1651 in
1553 1611 1732 1652 summo

123 1691 244 1728 esset
276 1686 448 1729 honore
482 1686 740 1729 Flavianus.
922 1678 925 1681 Α

109 1799 113 1800 ⁷
182 1766 229 1808 A
271 1767 383 1809 mire
425 1767 709 1810 conformata
750 1769 978 1811 sententia
1019 1769 1179 1824 incipit
1222 1769 1353 1811 huius
1395 1770 1496 1811 libri
1537 1770 1611 1824 (H.
1646 1770 1729 1824 III)

120 1852 259 1902 caput
292 1830 371 1889 22:

183 1927 275 1980 „At
300 1927 573 1970 Vitellianus
596 1930 835 1979 exercitus,
863 1930 934 1971 cui
959 1930 1247 1984 acquiescere
1273 1930 1525 1972 Cremonae
1549 1936 1595 1972 et
1617 1932 1726 1972 reci-

69 2041 79 2045 -
119 2008 288 2062 peratis
320 2008 423 2050 cibo
456 2022 710 2063 somnoque
742 2010 913 2052 viribus
941 2010 1200 2052 confectum
1228 2010 1381 2064 algore
1409 2016 1547 2064 atque
1574 2012 1726 2052 inedia

119 2087 297 2130 hostem
332 2095 515 2144 postera
547 2090 621 2131 die
655 2090 896 2145 profligare
929 2104 981 2132 ac
1017 2104 1232 2145 proruere
1266 2091 1381 2132 ratio
1415 2090 1510 2140 fuit,
1545 2091 1724 2145 indigus

120 2169 321 2218 rectoris,
366 2169 499 2224 inops
541 2169 730 2219 consilii,
767 2170 902 2211 tertia
937 2170 1077 2211 ferme
1110 2171 1257 2211 noctis
1290 2170 1401 2212 hora
1434 2171 1602 2225 paratis
1634 2171 1722 2212 iam

121 2247 443 2303 dispositisque
477 2249 707 2291 Flavianis
740 2249 1050 2304 impingitur’'.

181 2326 302 2382 Quid
336 2328 594 2370 Vitellianis
627 2329 885 2371 faciendum
919 2330 1051 2371 fuerit
1085 2330 1322 2384 perspicue
1356 2331 1622 2384 exponitur:
1650 2338 1721 2385 op-

87 2413 92 2422 '
108 2409 221 2463 poni
252 2422 370 2450 nunc
403 2410 647 2464 oportebat
680 2411 725 2451 id
758 2411 882 2464 quod
916 2424 1072 2452 revera
1100 2410 1303 2452 fecerunt
1333 2411 1432 2464 (hac
1460 2411 1559 2464 ipsa
1586 2416 1720 2452 nocte

115 2488 161 2529 in
189 2487 370 2530 hostem
398 2495 503 2531 sunt
531 2490 762 2544 profecti);
791 2490 900 2532 illud
929 2496 1082 2532 autem
1111 2504 1201 2532 non
1230 2491 1409 2531 disertis
1436 2491 1600 2531 dicitur
1622 2504 1719 2532 ver-

115 2566 183 2608 bis
214 2568 294 2609 sed
328 2569 624 2623 cogitandum
657 2569 925 2624 relinquitur
956 2570 1235 2624 legentibus;
1265 2575 1313 2611 at
1341 2583 1476 2623 quern
1505 2570 1716 2611 effectum

114 2646 323 2689 habuerit
370 2661 424 2690 ea
470 2663 554 2699 res,
603 2663 720 2703 quae
768 2651 1048 2704 cogitatione
1096 2656 1165 2691 est
1205 2650 1475 2704 supplenda,
1519 2651 1563 2691 id
1608 2664 1716 2692 vero

114 2727 351 2782 perspicue
400 2730 683 2770 enuntiatur:
738 2730 933 2784 „paratis
980 2730 1069 2771 iam
1119 2730 1441 2784 dispositisque
1487 2730 1716 2771 Flavianis

114 2807 422 2862 impingitur”.

176 2885 233 2927 H.
260 2887 340 2936 ΙΙΙ,
370 2898 437 2941 32.
464 2887 716 2930 Cremonae
741 2889 1055 2930 incendendae
1077 2890 1177 2943 quis
1199 2895 1357 2931 auctor
1379 2889 1512 2930 fuerit
1530 2889 1716 2931 Tacitus

12 2948 18 2990 ἶ
87 2978 206 3021 >non
239 2965 461 3018 declarat;
498 2967 584 3009 hoc
617 2967 764 3009 solum
798 2974 972 3009 narrat:
