2040 3412
1087 303 1139 333 10

311 410 434 464 quod
479 410 560 451 viri
604 410 726 451 docti
770 411 826 452 de
869 411 1030 452 Tacito
1075 411 1407 465 Plutarchoque
1450 424 1474 451 e
1518 411 1748 453 communi
1779 411 1906 455 fonte
1977 422 1984 432 ⁴

313 490 623 531 haurientibus
655 495 760 531 sunt
793 491 1054 547 commenti.

370 569 638 611 Admodum
681 571 868 611 invento
911 584 1014 612 meo
1055 570 1327 625 gaudebam,
1367 571 1616 625 quantique
1649 567 1759 613 illud
1790 576 1911 614 esset

313 650 530 690 momenti
575 649 718 703 probe
761 650 1084 704 intelligebam.
1130 650 1355 691 Nolebam
1397 656 1552 692 tamen
1595 651 1685 692 iam
1722 657 1830 694 tunc
1862 652 1934 713 in*
1971 635 1985 674 ’-

314 730 513 771 medium
557 729 768 784 proferre.
809 731 933 771 Iacet
966 731 1086 771 enim
1120 731 1164 771 in
1197 731 1370 772 scriniis
1403 731 1514 772 meis
1546 731 1740 785 spissum
1771 744 1920 790 anno-⁵
1970 715 1982 720 -

313 809 537 849 tationum
566 809 622 850 ad
650 809 859 850 Tacitum
888 809 1114 859 volumen,
1142 815 1352 851 accurate
1383 811 1659 864 digestarum
1676 811 1911 866 nitideque
1965 803 1986 816 ³

313 889 686 942 perscriptarum:
730 889 827 930 illas
870 894 915 930 et
957 890 1142 943 privata-
1176 889 1312 930 lectio
1354 896 1400 931 et
1443 890 1517 931 illa
1557 903 1659 932 cum
1691 890 1911 933 commili-
1968 872 1992 933 γ’..-

313 967 496 1008 tonibus
531 967 757 1022 colloquia
789 968 897 1008 mihi
931 969 1302 1023 suppeditarunt;
1337 969 1542 1023 quotidie
1574 969 1666 1010 fere
1698 970 1805 1012 novi
1832 969 1910 1012 ali-
1976 947 1982 971 η’

314 1048 422 1101 quid
465 1049 643 1090 accedit
675 1054 752 1090 aut
785 1049 907 1102 quod
941 1049 1048 1090 olim
1081 1050 1299 1103 scriptum
1333 1055 1402 1091 est
1435 1049 1506 1091 vel
1538 1044 1912 1113 emendatur'vel

312 1141 432 1168 novo
475 1128 699 1169 stabilitur
742 1133 1024 1182 argumento.
1068 1128 1249 1182 Diuque
1281 1152 1339 1158 -—
1371 1142 1476 1170 nam
1519 1129 1596 1171 diu
1629 1135 1698 1170 est
1730 1142 1788 1171 ex
1819 1142 1911 1184 quo
1979 1156 1992 1185 ,⁴

317 1208 469 1248 omnia
495 1208 580 1248 ista
609 1209 824 1249 mandare
851 1208 1017 1249 chartis
1044 1208 1175 1262 coepi
1192 1233 1250 1238 —
1267 1222 1371 1263 spes
1399 1222 1471 1250 me
1498 1209 1644 1251 tenuit
1667 1209 1914 1264 aliquando
1993 1208 2001 1250 ἶ

316 1300 388 1327 me
421 1288 526 1328 inde
559 1287 728 1340 aliquid
762 1301 859 1328 esse
892 1287 1248 1341 compositurum
1283 1288 1406 1341 quod
1436 1301 1574 1329 unum
1601 1294 1720 1330 esset
1745 1293 1914 1331 totum·
1982 1296 1983 1299 ’

317 1381 418 1420 que,
452 1368 632 1421 iamque
665 1367 891 1408 Analecta
923 1367 1110 1408 Tacitea
1143 1367 1378 1408 Analectis
1412 1367 1762 1422 Xenophonteis
1791 1368 1915 1412 socia

315 1447 495 1488 dabam.
531 1446 621 1489 Sed
654 1447 763 1488 illud
795 1447 1034 1500 aliquando
1065 1446 1199 1500 longe
1231 1447 1369 1488 etiam
1402 1452 1627 1489 remotum
1660 1447 1915 1490 videbatur.
1972 1451 1998 1494 ..j

316 1526 403 1567 Hic
442 1540 513 1567 me
547 1527 687 1567 diaria
721 1526 996 1580 philologica
1028 1527 1267 1567 certiorem
1301 1526 1528 1568 faciebant
1560 1527 1618 1568 de
1650 1526 1914 1569 Woelfflinii

314 1607 359 1647 in
403 1606 656 1647 Academia
699 1606 962 1647 Monacensi
1008 1606 1213 1647 oratione
1255 1606 1424 1647 habita.
1469 1607 1587 1648 Emo
1630 1606 1832 1649 libellum
1864 1612 1914 1649 et
1990 1606 2003 1657 ,ᾗ

313 1688 462 1742 legere
506 1687 696 1741 incipio:
742 1688 830 1728 iam
873 1686 1016 1727 tribus
1059 1687 1235 1740 paginis
1278 1686 1488 1740 perlectis
1530 1687 1778 1730 certissima
1815 1700 1914 1730 esse
1992 1702 1998 1707 ”

318 1767 459 1808 multa
486 1780 602 1820 quae
630 1767 697 1807 vir
723 1779 924 1807 summus
948 1766 1106 1807 afferat
1134 1766 1352 1820 intelligo,
1382 1767 1585 1808 nondum
1613 1772 1767 1809 tamen
1785 1767 1915 1822 quid·

316 1860 453 1899 quam
486 1846 621 1887 video
653 1847 776 1900 quod
810 1851 985 1887 tantam
1018 1846 1186 1887 habeat
1218 1847 1519 1900 persuadendi
1552 1846 1659 1897 vim,
1692 1851 1914 1901 quantum

316 1939 454 1966 unum
497 1925 606 1966 illud
649 1931 967 1979 argumentum
1011 1926 1134 1979 quod
1178 1939 1264 1979 ego
1307 1940 1333 1966 a
1374 1925 1762 1968 commilitonibus
1802 1925 1915 1968 meis
1983 1948 1999 1959 -·

315 2010 499 2046 coactus
531 2006 807 2046 inveneram.
844 2005 987 2059 Pergo
1020 2005 1155 2059 igitur
1187 2005 1325 2059 idque
1360 2006 1497 2046 corde
1531 2005 1749 2056 micante3
1779 2018 1914 2061 spero
1986 2010 2007 2050 J

315 2085 436 2124 enim
470 2109 526 2114 -
558 2099 636 2126 cur
668 2085 754 2126 hoc
782 2084 1026 2126 reticeam?
1052 2110 1111 2115 —
1139 2086 1196 2126 de
1225 2085 1422 2127 Othonis
1448 2084 1746 2139 praetorianis
1772 2085 1914 2140 impe-

315 2164 476 2204 ratoris
509 2164 575 2204 sui
610 2177 743 2205 causa
775 2165 1157 2206 tumultuantibus
1190 2165 1284 2206 fore
1317 2165 1559 2215 silentium,
1592 2165 1773 2218 iamque
1804 2163 1915 2209 mihi
1987 2161 2007 2205 ἐ

316 2243 461 2284 laetus
504 2244 723 2297 promitto
766 2244 853 2285 hoc
895 2258 966 2285 me
999 2244 1260 2299 exemplum
1294 2244 1570 2286 Woelfflinio
1601 2243 1915 2299 suppeditata·
1990 2231 2000 2249 ³

315 2337 473 2364 rum..
493 2355 502 2363 .
523 2355 532 2363 .
567 2323 676 2364 nihil
710 2325 831 2365 enim
864 2325 1101 2366 iucundius
1134 2324 1242 2366 mihi
1272 2330 1340 2366 est
1368 2339 1504 2378 quam
1532 2338 1615 2379 pro
1642 2324 1758 2366 virili
1785 2328 1914 2379 parte
1988 2352 2003 2369 ,·

317 2403 493 2443 efficere
537 2408 586 2444 ut
628 2409 846 2458 appareat
884 2404 1053 2445 factum
1086 2418 1177 2445 non
1210 2418 1307 2446 esse
1340 2405 1463 2459 quod
1496 2404 1591 2446 fieri
1624 2417 1716 2446 non
1741 2403 1914 2458 «potuit.
1993 2406 2002 2410 ‘'

317 2482 384 2522 At
427 2495 534 2522 mox
567 2483 675 2523 mihi
707 2484 922 2537 gaudium
956 2483 1077 2533 illud,
1113 2485 1235 2538 quod
1269 2485 1421 2526 animo
1453 2485 1543 2525 iam
1576 2496 1910 2539 praeceperam,
1986 2498 1999 2531 J

317 2562 524 2615 eripitur3
570 2563 736 2616 pagina
779 2564 899 2604 enim
938 2575 998 2615 40
1029 2566 1302 2605 totamrem
1335 2559 1543 2605 accurate
1576 2564 1803 2618 docteque
1834 2575 1912 2605 ex·

316 2641 511 2694 positam
543 2642 691 2682 video.
1995 2627 2000 2635 ἢ

376 2720 555 2773 Ecquid
598 2721 793 2762 doluisse
836 2736 909 2763 me
951 2721 1112 2776 putas?
1144 2722 1388 2776 Paulisper,
1421 2722 1579 2764 fateor.
1615 2722 1726 2763 Mox
1756 2727 1912 2764 tamen

318 2798 447 2839 dolor
479 2799 551 2840 ille
585 2801 718 2841 cessit
749 2801 948 2842 laetitiae
981 2801 1124 2842 multo
1157 2802 1380 2843 vividiori.
1418 2801 1581 2842 Nonne
1609 2800 1729 2842 enim
1758 2800 1913 2842 iucun—
1988 2811 1997 2834 1

316 2878 399 2918 dus
441 2892 543 2919 cum
581 2884 709 2920 tanto
743 2880 838 2921 viro
872 2879 1142 2922 consensus?
1177 2880 1238 2921 Et
1271 2880 1380 2934 quid
1412 2880 1577 2921 attinet
1609 2879 1710 2933 quis
1740 2879 1912 2933 primus

316 2957 540 2999 invenerit
586 2958 770 3012 aliquid,
819 2960 1068 3001 dummodo
1115 2959 1172 3000 sit
1214 2972 1371 3000 verum
1415 2964 1462 3000 et
1504 2958 1703 3012 aliquam
1741 2956 1911 2999 habeat
