2040 3412
1050 263 1134 317 248

293 387 516 441 elegendo
564 399 647 427 non
694 389 975 439 spectaretur
1022 383 1144 434 illud,
1195 389 1372 426 essetne
1415 382 1576 438 aliquis
1617 398 1642 426 e
1684 382 1946 442 Caesarisssgf

293 466 486 521 posteris
518 480 575 507 an
611 479 701 506 non
735 470 866 505 esset.
901 464 1113 518 Ineptum
1146 477 1254 519 ergo
1281 463 1343 506 illi
1371 463 1506 518 vulgo
1533 464 1731 505 tribuere
1757 450 1950 519 argu-‘ff'

294 551 512 594 mentum,
541 545 665 599 quod
695 545 740 585 in
768 544 855 585 isto
887 544 1035 598 „quod
1063 552 1164 586 tunc
1189 542 1498 598 spectaretur”
1516 543 1646 585 inest.
1681 541 1772 586 Sed
1789 542 1888 598 ipse

293 626 492 675 Tacitus,
535 625 605 666 cui
649 624 694 665 e't
733 637 863 665 suum
906 629 1088 678 tempus
1125 623 1171 665 et
1203 623 1496 678 praeteritum
1530 623 1713 678 cognita
1743 600 1956 675 erant,

293 705 402 746 illud
446 717 628 746 suorum
671 703 926 758 aequalium
969 717 1103 744 eausa
1134 703 1314 745 adiecit.
1357 703 1623 758 Legendum
1655 716 1764 758 ergo
1795 711 1887 747 non

293 791 581 839 spectaretur,
615 797 772 824 verum
803 782 1095 838 spectabatur.

355 944 413 985 A.
455 943 582 994 XIII,
624 953 687 997 15.
740 943 943 984 Territus
987 943 1154 984 matris·
1182 942 1332 984 verbis
1374 943 1682 985 Britannicum
1731 955 1781 985 se
1827 942 1887 985 ad
1922 935 1974 990 E}

295 1024 533 1078 imperium
577 1028 840 1064 vocaturam
883 1022 1147 1071 minitantis,
1192 1022 1315 1063 Nero
1358 1027 1404 1064 et
1443 1021 1530 1064 alia
1559 1022 1713 1082 animq
1744 1017 1909 1083 volvit:⁴

295 1110 340 1145 et
373 1109 604 1144 recentem
637 1103 867 1157 quandam
895 1115 1004 1152 rem,
1033 1115 1058 1143 e
1085 1115 1175 1155 qua
1201 1102 1431 1156 ingenium
1460 1101 1555 1143 eius
1579 1106 1887 1157 perspexerat.

296 1183 425 1238 Quae
457 1183 708 1224 cuiusmodi
743 1182 874 1224 fuerit
906 1183 969 1224 sic
1002 1195 1182 1224 narrare
1214 1182 1400 1223 Tacitus
1430 1181 1610 1236 incipit:
1944 1237 1973 1242 ...

359 1263 534 1316 „Festis
561 1262 756 1305 Saturno
784 1262 944 1304 diebus
972 1262 1090 1304 inter
1115 1261 1202 1305 alia
1228 1261 1484 1316 aequalium
1511 1261 1684 1304 ludicra
1699 1272 1903 1316 regnum?
1935 1250 1974 1323 ⁵}

295 1342 392 1384 lusu
426 1343 711 1384 sortientium
743 1348 959 1384 evenerat
991 1356 1044 1384 ea
1074 1355 1170 1383 sors
1204 1340 1420 1405 Neroni.”
1946 1318 1961 1401 Γ

357 1422 627 1465 Scabrosam
661 1423 777 1464 hanc
811 1423 1063 1464 orationem
1095 1421 1324 1477 appellare
1358 1435 1449 1463 non
1477 1421 1662 1472 dubito;
1689 1421 1772 1463 sed
1797 1433 1914 1465 nou·

297 1501 444 1543 Taciti
471 1502 605 1556 culpa
631 1502 768 1544 talem
797 1516 897 1544 eam
926 1503 1120 1543 evasisse
1147 1502 1298 1552 credo,
1326 1501 1477 1543 nescio
1503 1515 1593 1555 qua
1617 1499 1889 1543 attractione
1944 1490 1971 1562 ,

298 1581 586 1636 participium
639 1581 748 1623 illud
792 1582 849 1623 ad
893 1582 1171 1636 praecedens
1212 1581 1462 1636 aequalium
1505 1579 1761 1630 referentis,
1809 1578 1910 1623 θεὼ

297 1661 478 1711 librarii,
523 1675 659 1716 quem
702 1662 928 1715 genitivus
970 1661 1044 1703 ille
1087 1661 1132 1703 in
1165 1674 1362 1703 errorem
1394 1660 1637 1703 induxerit.
1669 1658 1891 1702 Ablativo
1947 1643 1971 1694 3

297 1741 529 1795 temporis,
563 1741 638 1795 qui
677 1741 963 1795 „absolutus”
996 1741 1173 1791 dicitur,
1207 1754 1320 1795 opus
1353 1740 1425 1782 hic
1452 1745 1535 1790 est,
1564 1752 1656 1782 non
1683 1751 1798 1794 opus
1824 1742 1894 1781 est

297 1826 450 1862 autem
483 1821 641 1862 addito
674 1821 826 1875 aliquo
859 1821 1042 1863 nomine
1073 1821 1372 1870 substantivo,
1405 1821 1486 1862 sed
1516 1819 1681 1862 sufficit
1712 1817 1893 1874 partiei—
1927 1830 1987 1878 ²33-

298 1899 437 1953 pium.
480 1900 749 1954 Legendum
788 1914 895 1955 ergo
927 1901 1220 1950 sortientibus,
1253 1901 1376 1955 quod
1409 1913 1546 1954 quam
1578 1897 1708 1941 facile
1740 1897 1813 1940 hic
1844 1897 1892 1940 in

296 1980 574 2022 sortientium
607 1981 832 2035 corrumpi
867 1981 1067 2034 potuerit
1096 1985 1260 2035 sponte
1294 1985 1498 2034 apparet.
1971 1969 1978 1978 ¹

358 2138 416 2180 A.
446 2139 573 2189 XIII,
608 2149 672 2194 17.
702 2139 816 2181 Cum
845 2141 889 2181 in
919 2153 1082 2194 campo
1102 2139 1267 2182 Martio
1285 2139 1570 2181 Britannicus
1585 2137 1890 2194 sepeliebatur

297 2225 391 2260 tam
425 2219 720 2261 vehementes
752 2220 1014 2261 ceciderunt
1046 2220 1235 2262 imbres:

362 2298 454 2351 „Ut
495 2297 652 2352 vulgus
695 2300 805 2340 iram
839 2300 1028 2341 deorum
1061 2299 1272 2354 portendi
1306 2299 1550 2342 crediderit
1580 2300 1794 2342 adversus
1826 2298 1890 2342 fa-
1952 2319 1957 2334 -·

298 2378 424 2418 cinus
455 2378 526 2419 cui
560 2377 763 2432 plerique
797 2379 935 2419 etiam
967 2378 1202 2420 hominurn
1234 2378 1576 2433 ignoscebant.”
1967 2427 1969 2429 ¹

358 2455 506 2510 Quam
550 2456 743 2498 absurde
785 2457 905 2499 istud
944 2458 1076 2500 etiam
1109 2458 1307 2512 positum
1339 2458 1412 2499 hic
1442 2458 1499 2500 sit
1531 2458 1604 2500 vel
1635 2458 1832 2500 maxime
1864 2471 1891 2500 e
1958 2460 1988 2517 ²⁵,

299 2536 564 2590 Nipperdei,
609 2536 684 2589 qui
719 2535 936 2586 defendit,
969 2542 1160 2590 apparet
1191 2538 1500 2579 annotatione.
1544 2538 1640 2579 Iam
1672 2537 1796 2592 quod
1828 2536 1894 2580 ait

290 2615 493 2668 plerique
534 2614 606 2655 hic
650 2628 741 2655 non
785 2628 881 2655 esse
924 2615 951 2656 i.
979 2628 1023 2668 q.
1063 2614 1095 2656 οἱ
1130 2620 1321 2657 πλεῖστοι
1354 2617 1434 2657 sed
1466 2602 1702 2659 admodum
1732 2616 1893 2660 multos
1930 2607 1974 2663 ἰ,

299 2707 351 2734 ea
384 2707 496 2734 voce
529 2693 784 2746 significari,
813 2708 968 2735 verum
996 2700 1076 2736 est.
1110 2694 1201 2736 Sed
1229 2709 1344 2749 quae
1373 2696 1501 2737 addit
1529 2709 1665 2750 quam
1694 2695 1892 2738 maxime

299 2778 508 2812 contorta
539 2772 763 2813 videntur.
801 2773 1160 2826 „Ignoscebant”
1189 2775 1252 2815 ait
1283 2775 1381 2827 „isti
1408 2774 1565 2815 sceleri
1593 2773 1720 2816 multi
1747 2774 1890 2816 homi·

299 2864 391 2899 neS,
438 2864 539 2892 cum
572 2858 725 2893 tamen
758 2853 964 2894 homines
996 2854 1054 2894 d'e
1084 2853 1181 2894 aliis
1213 2853 1472 2895 hominibus
1502 2867 1659 2895 severe
1689 2853 1889 2895 iudicare
1940 2850 1975 2900 J

298 2928 467 2979 solent;
511 2943 601 2982 quo
646 2932 787 2985 magis
820 2938 1175 2974 consentaneum
1209 2939 1289 2983 est,
1324 2933 1447 2982 deos,
1481 2932 1644 2987 quibus
1677 2931 1787 2974 nihil
1817 2937 1887 2974 est
