2040 3412
860 293 949 338 299

92 408 178 451 κοῖς
210 401 448 456 παρίστατο
485 402 798 447 δεδοικέναι
833 404 924 452 την
957 403 1237 457 ἀναρχίαν
1272 404 1334 451 ὡς
1364 401 1693 445 άπόστασιν.

49 484 63 510 ³
95 485 236 528 Nihili
273 486 382 527 ista!

154 565 302 610 Galba
335 565 496 607 XXIII
547 565 708 607 Pisone
742 579 769 606 a
802 564 948 607 Galba
979 565 1217 620 adoptato,
1250 564 1375 607 Otho
1406 563 1475 606 τὸν
1507 562 1697 605 Πείσωνα

93 645 229 694 δεδιὼς
263 644 334 688 καὶ
370 644 438 688 τόν
475 644 655 695 Γάλβαν
685 643 1030 697 προβαλλόμενος
1061 646 1131 686 καὶ
1160 645 1215 697 τῷ
1245 644 1392 696 Οὐινίῳ
1419 643 1724 697 χαλεπαίνωνᾖ

93 726 223 782 ἀπῄει
265 729 432 769 πολλῶν
479 726 618 768 παθῶν
667 726 842 778 πλήρης.
886 726 1021 781 Quod
1055 726 1128 768 hic
1163 726 1427 768 Plutarchus
1459 726 1699 767 Taciteum

93 807 171 863 (H.
204 807 238 858 1,
277 807 348 862 21)
396 807 466 860 „in
511 806 705 849 Galbam
748 807 825 856 ira,
871 807 915 848 in
950 807 1160 850 Pisonem
1194 806 1393 848 invidia”
1428 812 1574 847 mutat
1605 819 1698 846 arn-

96 888 360 944 plificatque
393 889 527 942 aequi
561 888 762 942 bonique
796 887 1086 929 consulimus.
1122 886 1212 930 Sed
1245 888 1363 941 quid
1389 887 1475 927 isto
1508 884 1698 938 προβαλ-

94 970 268 1020 λόμενος
301 968 387 1010 sibi
420 968 530 1010 velit
562 968 804 1010 obscurum
838 974 919 1010 est.
952 968 1029 1009 An
1063 973 1275 1022 corrupta
1309 982 1361 1009 ea
1393 966 1511 1009 vox?

156 1050 303 1093 Galba
340 1049 478 1091 XXV
528 1050 579 1090 In
623 1049 769 1091 forum
813 1063 916 1091 cum
960 1043 1270 1091 descendisset
1314 1048 1452 1098 Otho,
1495 1049 1700 1103 paucitas

95 1130 460 1187 exspectantium
503 1130 621 1171 adeo
665 1143 768 1171 eum
811 1130 1013 1171 terrebat
1046 1136 1095 1171 ut
1127 1135 1280 1171 actum
1315 1130 1371 1170 de
1404 1143 1450 1171 se
1485 1129 1700 1170 clamaret

94 1217 141 1254 et
172 1211 383 1254 lecticam
411 1215 648 1265 portantes
680 1211 913 1252 incitaret:
949 1209 1138 1260 ἐξήκουον
1170 1209 1253 1262 γάρ
1288 1207 1380 1251 ἔνιοι
1415 1209 1700 1263 θαυμάζοντες

94 1292 262 1343 μᾶλλον
299 1289 321 1339 ἢ
355 1289 658 1343 ταραττόμενοι
694 1290 762 1332 διά
796 1290 868 1338 την
905 1290 1138 1341 ὀλιγότητα
1169 1291 1247 1333 τῶν
1275 1289 1699 1340 οέποτετολμημένων.

91 1373 258 1428 νΝεεμιεῑ
288 1372 478 1414 verbum
507 1370 694 1422 ἐξήκουον
723 1385 871 1426 neque
900 1373 1130 1427 passivum
1158 1370 1566 1422 ἀποτετολμημένων
1590 1372 1700 1425 quid

95 1453 182 1495 sibi
215 1453 327 1494 velit
358 1453 517 1494 video:
553 1450 764 1502 ἐξακούειν
797 1452 907 1494 nihil
940 1452 1062 1493 aliud
1096 1458 1164 1494 est
1197 1466 1334 1507 quarn
1366 1453 1526 1494 audire
1549 1459 1678 1507 posse
1690 1469 1699 1501 ;

100 1533 236 1576 fuisse
268 1539 422 1575 autem
456 1534 501 1575 in
535 1533 647 1583 foro,
681 1533 757 1588 qui
792 1532 867 1574 illa
899 1533 994 1574 eius
1026 1532 1167 1574 verba
1198 1538 1385 1587 possent
1417 1532 1597 1573 auribus
1625 1545 1702 1572 ex-

100 1615 266 1670 cipere,
301 1614 480 1656 disertis
512 1614 662 1655 verbis
695 1627 786 1655 non
819 1627 972 1664 sumus
1004 1613 1235 1654 monendi.

159 1696 220 1738 ib.
270 1696 322 1737 In
355 1696 513 1737 castris
546 1696 783 1750 praetoriis
817 1694 1051 1737 Othonem
1078 1693 1170 1735 καθ’
1197 1690 1270 1735 ἕνα
1298 1692 1368 1734 καὶ
1402 1692 1468 1735 δύο
1499 1690 1702 1743 σποράδες

99 1775 177 1818 ὑπὸ
222 1774 333 1822 δέους
377 1775 424 1817 τὸ
469 1776 642 1827 πρῶτον,
687 1771 782 1816 εἶτα
830 1775 1065 1821 πεισθέντες
1105 1773 1455 1823 ἐπηκολούθησαν.
1491 1773 1704 1828 Quonam

100 1870 205 1899 eum
237 1862 342 1918 sunt
373 1855 546 1898 secuti?
579 1857 676 1898 Iam
709 1857 831 1898 enim
863 1865 928 1898 est
959 1857 1003 1897 in
1036 1856 1208 1898 castris.
1242 1855 1318 1896 An
1351 1856 1408 1896 ad
1442 1853 1667 1895 tribunal?

163 1936 310 1980 Galba
343 1937 504 1978 XXIX
553 1933 658 1978 ὥστε
701 1941 753 1989 τῇ
791 1934 883 1989 δοξη
916 1937 1082 1986 μᾶλλον
1117 1935 1138 1984 ἢ
1173 1941 1225 1988 τῇ
1258 1934 1447 1984 δυνάμει.
1492 1934 1706 1988 Sequitur

101 2031 222 2060 nunc
260 2017 386 2059 locus
419 2018 536 2060 adeo
569 2018 817 2072 impeditus
851 2023 899 2058 ut
930 2018 994 2059 sic
1028 2031 1054 2058 a
1087 2016 1328 2058 Plutarcho
1362 2016 1580 2070 scriptum
1613 2028 1703 2056 non

103 2098 301 2148 credam,
334 2098 415 2140 sed
449 2112 597 2152 neque
631 2098 787 2139 sedem
822 2111 970 2152 neque
1003 2110 1145 2151 genus
1177 2098 1274 2138 vitii
1307 2097 1455 2138 video.

167 2258 292 2303 Otho
319 2259 338 2300 I
380 2243 507 2301 btho
535 2258 821 2300 senatoribus
849 2271 962 2312 quos
987 2257 1225 2312 expulerat
1250 2257 1387 2306 Nero,
1414 2260 1709 2297 revocaverat

108 2340 268 2390 Galba,
296 2340 498 2381 reddidit
525 2335 603 2380 ὅσα
635 2338 692 2389 μη
725 2337 1010 2391 πεπραγμένα
1038 2341 1116 2379 τῶν
1145 2335 1371 2387 κτημάτων
1401 2333 1576 2377 ἕκαστον
1597 2333 1708 2385 ἐξεύ-

106 2435 256 2473 ρισκεν.
292 2421 377 2462 Pro
395 2419 683 2472 πεπραγμένα
702 2420 822 2461 haud
842 2421 979 2462 dubie
999 2420 1240 2474 requiritur
1257 2419 1380 2472 quod
1406 2416 1707 2471 „deteriores”

106 2501 279 2543 habent
311 2499 589 2552 πεπραμένα;
630 2514 953 2554 „quaecunque
987 2500 1190 2541 nondum
1224 2500 1459 2540 venierant
1489 2498 1708 2552 (nondum

105 2596 131 2624 a
164 2582 353 2637 privatis
385 2581 645 2623 hominibus
679 2587 807 2623 erant
841 2581 1011 2635 empta)
1045 2581 1124 2622 sed
1155 2581 1393 2635 (quatenus
1421 2594 1489 2621 res
1518 2578 1709 2620 mobiles

106 2662 251 2717 erant)
294 2663 339 2704 in
384 2662 568 2716 publico
611 2662 763 2717 aliquo
806 2661 1155 2702 asservabantur
1188 2659 1440 2702 aedificio.’'
1474 2659 1564 2702 Sed
1598 2659 1708 2714 quid

109 2756 227 2785 nunc
260 2744 347 2784 isto
378 2739 555 2784 ἕκαστον
591 2742 647 2797 (v.
666 2742 694 2783 1.
728 2741 922 2796 ἑκάστου)
956 2740 1200 2782 faciamus?
1235 2740 1403 2781 Fraudi
1437 2740 1571 2781 fuisse
1604 2740 1710 2781 viris

81 2808 257 2865 'doctis
300 2823 526 2864 nonnullis
557 2823 761 2877 suspicor
793 2836 835 2864 v.
868 2819 1114 2872 ἐξεύρισκεν,
1148 2822 1270 2875 quod
1305 2821 1564 2876 acceperint
1597 2827 1710 2862 tam-

113 2917 249 2958 quam
293 2904 329 2944 si
373 2904 600 2945 diceretur
634 2904 691 2944 de
724 2917 774 2944 re
804 2917 915 2956 quae
937 2903 1136 2957 pretium
1170 2903 1408 2952 z'nvenz'ret3
1443 2902 1522 2943 sed
1557 2902 1644 2943 hoc
1675 2903 1712 2943 si

112 2983 329 3026 voluisset
373 2984 651 3033 Plutarchus,
696 2997 787 3024 non
829 2980 907 3024 ὅσα
952 2984 1203 3038 scripsisset
1235 2996 1392 3025 verum
1425 2978 1528 3032 ὅσον,
1563 2995 1710 3036 neque
