2040 3412
894 275 947 319 73

114 382 176 424 illi
219 383 435 426 inservire
475 384 659 439 figurae,
694 399 811 439 quae
835 386 1103 440 praeteritio
1137 386 1314 435 dicitur,
1349 391 1514 428 norunt
1547 400 1719 436 omneS,

114 477 263 518 neque
289 469 443 506 tamen
468 465 638 519 ubique
655 479 682 506 a
700 466 805 507 viris
823 466 970 507 doctis
988 466 1219 507 observari
1239 466 1347 508 illud
1366 467 1560 508 videtur.
1580 467 1721 508 Velut

113 543 186 586 hic
219 549 287 586 est
318 543 444 586 locus
478 545 536 586 de
564 551 710 587 morte
742 545 968 595 Paulinae,
999 545 1200 588 Senecae
1229 547 1381 588 uxoris
1408 546 1482 601 (A.
1502 546 1606 597 XV,
1625 547 1720 601 64):

177 623 269 677 „At
302 624 426 666 Nero
459 625 582 666 nullo
616 626 660 666 in
696 625 929 667 Paulinam
962 626 1147 680 proprio
1181 627 1301 676 odio,
1336 641 1388 668 ac
1421 641 1477 668 ne
1510 627 1721 681 glisceret

111 704 283 747 invidia
315 706 607 756 crudelitatis,
643 707 770 748 iubet
802 706 996 748 inhiberi
1032 713 1239 748 mortem.
1277 708 1579 749 Hortantibus
1608 709 1720 750 mili-

110 784 233 827 tibus
273 787 391 827 servi
433 786 676 841 libertique
720 787 926 842 obligant
959 788 1156 837 brachia,
1193 794 1407 842 premunt
1438 790 1718 843 sanguinem,

110 865 333 907 incertum
362 880 419 908 an
446 867 643 921 ignarae.
674 867 806 917 Nam,
834 874 884 909 ut
912 873 980 909 est
1008 868 1168 922 vulgus
1195 869 1253 909 ad
1283 869 1508 910 deteriora
1536 883 1719 924 promp-

110 949 223 996 tum,
252 959 342 987 non
371 946 555 988 defuere
584 947 661 1001 qui
688 947 940 998 crederent,
965 948 1112 989 donec
1130 947 1468 1003 implacabilem
1487 949 1717 991 Neronem

111 1025 325 1076 timuerit,
359 1026 526 1069 famam
554 1027 754 1069 sociatae
782 1042 885 1090 cum
916 1029 1078 1070 mari-to
1107 1030 1264 1070 mortis
1293 1030 1521 1084 petivisse,
1552 1031 1718 1071 deinde

110 1105 267 1148 oblata
299 1106 478 1148 mitiore
511 1121 592 1162 spe
626 1107 951 1149 blandimentis
984 1109 1105 1150 vitae
1138 1109 1380 1151 evictam”.

170 1186 373 1228 Dubium
415 1200 508 1228 non
547 1192 615 1228 est
652 1188 761 1241 quin
795 1187 872 1229 illo
905 1202 1008 1230 nam
1041 1188 1266 1243 significet
1298 1189 1484 1231 Tacitus
1516 1203 1564 1231 se
1596 1204 1718 1244 sper-

0 1262 5 1271 *
68 1256 76 1278 ²
109 1279 216 1308 nere
265 1272 311 1308 et
358 1273 653 1309 contemnere
702 1269 812 1310 istos
862 1268 1111 1311 maledicae
1156 1269 1458 1312 multitudinis
1501 1284 1717 1312 rumores.

111 1346 186 1390 Sic
233 1347 355 1389 enim
403 1348 574 1403 pergit:
630 1349 725 1401 „cui
774 1349 953 1391 addidit
1000 1363 1170 1404 paucos
1212 1364 1369 1399 annos,
1413 1350 1629 1392 laudabili
1672 1351 1717 1392 in

109 1428 321 1469 maritum
354 1430 573 1470 memoria
605 1435 652 1470 et
680 1443 756 1470 ore
784 1444 837 1471 ac
866 1430 1082 1471 membris
1111 1431 1155 1472 in
1185 1445 1287 1472 eum
1317 1431 1536 1485 pallorem
1564 1431 1718 1473 alben-

109 1508 246 1559 tibus,
280 1515 329 1551 ut
363 1511 561 1552 ostentui
595 1517 713 1552 esset
747 1512 934 1554 multum
966 1512 1121 1554 vitalis
1150 1513 1340 1567 spiritus
1370 1512 1654 1567 egestum’'¹).

172 1587 263 1631 Sed
308 1590 365 1631 ad
406 1589 525 1631 bene
567 1590 912 1646 intelligendam
956 1593 1102 1633 Taciti
1146 1598 1347 1634 mentem
1388 1594 1477 1634 iam
1511 1594 1619 1634 satis
1652 1599 1720 1634 est

111 1674 234 1711 recte
267 1670 554 1725 interpretari
589 1672 959 1714 coniunctionem
992 1687 1064 1715 an.
1100 1674 1284 1714 Etenim
1318 1674 1532 1716 incertum
1565 1689 1623 1715 an
1657 1675 1720 1715 ita

44 1770 46 1773 ·
96 1753 159 1790 >ut
191 1749 319 1791 haud
345 1751 432 1792 scio
463 1765 522 1792 an
554 1765 645 1792 non
680 1757 748 1793 est
780 1753 1025 1795 dubitantis
1057 1755 1136 1795 sed
1170 1754 1444 1807 affirmantis
1475 1754 1546 1808 (cf.
1578 1755 1716 1809 Nipp.

106 1843 146 1871 a.
181 1829 224 1870 h.
259 1829 321 1885 1.).
366 1830 468 1872 Hoc
512 1845 620 1886 ergo
664 1833 774 1874 dicit
817 1833 1024 1874 Tacitus:
1074 1834 1144 1887 „in
1189 1834 1282 1875 vita
1322 1834 1438 1875 servi
1481 1848 1533 1875 ac
1567 1834 1716 1876 liberti

108 1909 342 1952 Paulinam
367 1912 680 1963 retinuerunt,
719 1927 822 1955 cum
863 1915 952 1955 iam
986 1915 1095 1968 quid
1129 1920 1351 1969 ageretur,
1385 1921 1547 1969 utpote
1581 1916 1714 1956 morti

106 1991 328 2045 proxima,
378 1994 586 2034 nesciret.
638 1994 756 2035 Nam
800 1995 923 2048 quod
968 1995 1127 2049 vulgus
1170 1995 1381 2050 perhibet
1423 2028 1432 2036 .
1460 2028 1469 2036 .
1494 2028 1504 2036 .
1544 1996 1588 2036 id
1628 2009 1713 2049 ego

105 2070 232 2112 nihili
265 2071 424 2114 faci0”.
461 2072 581 2127 Quid
615 2074 701 2115 sibi
734 2074 843 2116 velit
874 2075 1118 2117 Furneaux
1145 2075 1230 2117 hac
1257 2077 1574 2117 annotatione:
1610 2076 1712 2129 „the

106 2153 369 2206 expression
418 2155 633 2196 incertum
681 2170 739 2197 an
781 2170 974 2210 appears
1016 2162 1064 2197 to
1109 2157 1166 2197 be
1209 2156 1386 2210 usually
1427 2157 1710 2207 affirmative,

106 2233 195 2273 and
238 2238 287 2274 to
330 2240 514 2288 suggest
553 2248 579 2275 a
617 2235 897 2289 probability
934 2236 1087 2277 rather
1120 2236 1230 2277 than
1264 2251 1289 2278 a
1322 2237 1489 2286 doubt3
1523 2237 1619 2278 and
1646 2237 1710 2278 al-

107 2312 274 2368 though
317 2314 389 2356 the
430 2322 603 2357 context
641 2315 747 2356 here
779 2316 931 2369 points
973 2316 1044 2357 the
1074 2316 1201 2357 other
1232 2331 1332 2371 way
1368 2331 1406 2358 e.
1441 2331 1483 2371 q.
1518 2316 1582 2358 s.”
1617 2331 1707 2359 non

104 2406 334 2447 assequor.

166 2473 357 2528 Propter
380 2475 648 2529 particulam
671 2491 774 2518 nam
797 2483 843 2518 et
864 2477 985 2518 hunc
1010 2477 1301 2531 inspiciamus
1323 2477 1473 2519 locum
1498 2478 1554 2518 H.
1576 2479 1609 2528 I,
1629 2479 1706 2532 89:

153 2676 188 2721 1)
213 2677 352 2710 Frustra
378 2688 490 2710 meam
515 2678 720 2720 opinionem
745 2679 952 2722 impugnare
978 2680 1115 2712 videtur
1137 2681 1363 2713 Andresenus
1387 2681 1454 2713 hoc
1481 2688 1703 2724 argumento:

104 2745 162 2777 „es
195 2735 284 2778 folgt
317 2736 433 2768 nicht:
468 2736 562 2768 denn
597 2748 642 2768 an
674 2737 735 2769 das
763 2738 898 2770 Gerede
924 2738 985 2770 der
1011 2739 1139 2781 Menge
1165 2739 1292 2780 glaube
1317 2740 1374 2771 ich
1398 2740 1531 2773 nicht.’'
1558 2741 1599 2772 In
1625 2742 1704 2784 ipso

101 2803 183 2825 nam
211 2794 481 2836 „praeteritivo”
508 2794 591 2827 talia
615 2795 729 2827 inesse
755 2795 880 2827 solent.
910 2796 955 2827 Et
979 2796 1072 2840 dicat
1094 2797 1146 2828 vir
1167 2798 1484 2839 praestantissimus
1507 2809 1578 2841 quo
1599 2799 1704 2831 modo

102 2855 194 2885 totus
226 2851 323 2884 locus
354 2852 398 2884 sit
422 2852 660 2896 accipiendus,
687 2853 715 2884 si
742 2864 823 2885 nam
850 2854 906 2885 hic
933 2865 1001 2886 non
1028 2855 1159 2887 indicat
1185 2856 1479 2897 praeteritionem.
1507 2857 1703 2897 Quominus

103 2909 274 2942 incertum
308 2921 355 2942 an
381 2911 527 2953 ignarae
552 2921 631 2943 cum
657 2911 864 2944 Andreseno
891 2917 1082 2944 vertamus:
1113 2913 1195 2955 „der
1219 2914 1510 2946 wahrscheinlich
1537 2916 1704 2948 bewusst-

67 2995 69 2997 ,
101 2966 224 2999 losen''
250 2978 323 3000 non
349 2969 543 3001 intercedo:
570 2969 707 3011 egregie
734 2969 822 3001 illud
847 2970 891 3001 ad
918 2980 1028 3002 meam
1053 2970 1123 3002 loci
1149 2971 1474 3014 interpretationem
1499 2973 1657 3015 quadrat.
