2040 3412
1064 297 1153 356 '150

312 419 414 474 Qua
453 420 596 475 gloria
637 422 865 476 aequabat
905 436 953 464 se
994 423 1201 466 Tiberius
1243 425 1398 479 priscis
1431 419 1857 485 imperatoribussq

313 514 539 541 venenum
574 501 618 541 in
652 501 874 555 Pyrrhum
906 515 1059 557 regem
1092 509 1331 546 vetuerant
1363 506 1796 562 prodiderantque.”

373 580 469 620 Nisi
513 585 686 622 certum
727 582 927 623 stetisset
963 582 1125 624 Tacito
1158 584 1393 626 consilium
1426 599 1484 627 ex
1515 586 1726 629 omnibus
1757 587 1954 639 reims&¹¹

311 660 449 702 etiam
498 660 843 711 absurdissimis,
893 645 1110 704 invidiam
1157 664 1201 705 in
1244 664 1476 706 Tiberium
1519 666 1762 717 conflandi,
1802 658 1946 725 prus-⁵5

313 740 493 781 dentius
535 741 607 782 hic
650 742 829 795 egisset,
871 747 1108 796 totamque
1141 757 1236 785 rem
1269 744 1314 785 in
1347 745 1536 787 dubium
1569 751 1790 789 vocasset.
1822 744 1864 790 E
1939 730 1957 734 ἢ

311 820 433 860 enim
463 819 713 862 admodum
745 821 911 863 insulsa
943 823 1203 877 ineptaque.
1230 823 1306 866 An
1335 825 1370 866 si
1398 825 1610 881 princeps
1637 825 1869 871 Chattbru‘

312 899 388 940 illo
414 900 552 941 modo
574 900 749 955 Populo
768 901 977 943 Romano
996 916 1161 964 navare
1179 917 1365 958 operam
1382 906 1567 960 eiusque
1586 906 1699 948 inire
1713 901 1906 962 gratiam

311 979 539 1034 cupiebat,
568 980 748 1023 nullane
775 981 863 1023 alia
889 983 948 1024 ad
969 982 1228 1025 Arminium
1247 985 1435 1039 patebat
1452 983 1554 1027 via?
1571 985 1750 1037 Nonne,
1768 986 1907 1030 etim

310 1059 346 1100 si
380 1073 558 1101 veneno
585 1060 746 1102 tollere
772 1075 875 1102 eum
904 1068 1156 1113 conaretur,
1187 1064 1401 1106 ministris
1428 1079 1542 1120 opus
1567 1071 1676 1116 erat,
1705 1065 1783 1121 qui
1807 1058 1879 1110 sin

311 1140 567 1194 suspicione
606 1140 714 1182 illud
749 1142 789 1182 ei
823 1142 1052 1197 porrigere
1085 1143 1298 1198 possent?
1332 1145 1392 1186 Hi
1425 1151 1578 1188 autem
1611 1146 1656 1188 in
1689 1144 1788 1201 ipsa
1819 1145 1910 1189 Ar-

313 1219 437 1260 minii
470 1225 598 1261 erant
631 1222 879 1274 quaerendi
913 1222 1094 1273 familia,
1128 1224 1282 1278 ibique
1309 1224 1519 1267 facillime
1546 1225 1870 1269 inveniebantu

313 1312 431 1349 nam,
480 1313 537 1341 ne
586 1301 762 1343 duabus
809 1302 994 1356 quidem
1038 1299 1284 1346 interiectis
1325 1304 1466 1355 lineis
1511 1305 1769 1348 Arminium
1800 1305 1867 1349 ‘do

306 1380 659 1434 propinquorum
692 1373 919 1423 ‘cecidisse
961 1382 1164 1436 legimus.
1209 1384 1332 1439 Ergo
1364 1366 1442 1426 aut
1473 1385 1561 1426 alia
1593 1384 1775 1427 ratione
1798 1384 1893 1428 Ger

313 1460 433 1500 mani
462 1460 629 1502 invisos
656 1460 742 1502 sibi
770 1461 975 1503 homines
997 1462 1113 1504 clam
1131 1476 1293 1516 necare
1311 1463 1551 1515 callebant,
1568 1470 1660 1516 aut,
1677 1465 1714 1507 si
1731 1463 1882 1523 venen

314 1539 357 1580 hi
401 1553 584 1594 quoque
625 1541 691 1581 usi
734 1546 839 1582 sunt
876 1542 1132 1596 propinqui,
1166 1543 1260 1584 eius
1292 1543 1336 1584 in
1370 1544 1470 1598 ipsa
1501 1543 1745 1587 Germania
1775 1557 1866 1601 cop

313 1624 409 1660 tum
453 1603 549 1661 fuit.
585 1619 758 1674 Quodsi
792 1625 946 1662 tamen
978 1621 1190 1676 fingimus
1222 1623 1370 1665 Roma
1402 1623 1511 1665 illud
1547 1623 1798 1676 Germanis,
1829 1616 1964 1687 qui?

312 1699 376 1740 uti
426 1699 609 1749 vellent,
654 1700 788 1742 fuisse
831 1702 1095 1756 petendum,
1138 1716 1274 1757 quam
1317 1703 1500 1757 ineptus
1543 1690 1961 1760 Adgandestriub'f

312 1784 478 1829 noster,
511 1779 587 1833 qui
620 1780 677 1821 ab
710 1780 818 1834 ipsis
850 1781 1054 1835 patribus
1086 1782 1354 1837 conscriptis
1385 1782 1506 1825 illud·
1525 1789 1746 1830 arcessat}
1778 1785 1950 1841 ([11δεὶ

311 1872 420 1900 vero
463 1859 637 1900 Romae
680 1859 863 1914 publica
904 1861 1129 1915 quaedam
1172 1861 1306 1903 fuerit
1350 1876 1627 1905 venenorum
1665 1863 1865 1919 apothec

313 1939 715 1980 Prudentissimum
743 1940 878 1995 igitur
904 1940 1048 1982 fuerat
1076 1942 1298 1983 eiusmodi
1322 1956 1463 1996 nugas
1484 1947 1623 1997 atque
1643 1943 1915 1999 ‘quisquilias

311 2033 379 2068 eo,
415 2019 490 2060 ubi
523 2019 735 2061 inventae
768 2025 932 2070 essent,
966 2020 1219 2075 relinquere
1251 2020 1375 2072 loco;
1409 2022 1444 2063 si
1478 2027 1632 2064 tamen
1666 2022 1861 2083 indeffpi*

309 2099 608 2148 traherentur,
654 2099 808 2153 paucis
850 2100 1000 2141 verbis
1041 2106 1170 2142 erant
1203 2100 1482 2142 refutandae.
1516 2101 1680 2144 Fidem
1711 2090 1865 2150 veros-f

310 2178 478 2220 habere
512 2179 714 2221 omnium
748 2180 1135 2234 perversissimum
1168 2180 1414 2244 foret,'nisi
1447 2180 1619 2235 aliquid
1651 2181 1852 2237 perversi

310 2259 615 2313 excogitasset
656 2259 863 2301 Tacitus:
907 2260 1000 2302 ideo
1042 2259 1179 2302 fidem
1222 2260 1274 2301 iis
1317 2260 1483 2302 habere
1517 2266 1565 2302 ut
1597 2266 1758 2315 posset.
1782 2257 1873 2318 ndi·v

310 2340 542 2380 Tiberium
576 2339 811 2381 vulnerare
843 2340 1043 2389 crimine,
1076 2353 1222 2393 eoque
1254 2339 1514 2390 falsissimo:
1547 2353 1653 2382 nam
1684 2340 1721 2382 si
1749 2341 1878 2383 tame

310 2420 540 2469 sumimus,
584 2420 629 2460 id
669 2420 792 2473 quod
826 2420 903 2460 vix
936 2420 1174 2474 quisquam
1206 2420 1250 2461 in
1283 2420 1484 2461 animum
1518 2412 1869 2482 inducet,4ver'

310 2500 427 2541 hanc
454 2513 550 2541 esse
579 2500 635 2540 de
654 2499 923 2542 Chattorum
942 2500 1157 2554 principis
1175 2500 1396 2554 promisso
1415 2500 1735 2551 narrationem,
1753 2514 1812 2543 ne
1840 2520 1846 2535 ·
1870 2523 1874 2532 2

310 2593 446 2633 quem
490 2580 675 2633 quidem
719 2593 811 2620 non
853 2579 1078 2633 cupiditas
1121 2593 1305 2620 caecum
1348 2579 1611 2630 reddiderit,
1654 2579 1906 2635 quidquam

309 2657 430 2699 aliud
463 2659 569 2700 inde
603 2659 778 2699 efficere
812 2664 964 2712 potest
997 2671 1133 2712 quam
1160 2657 1269 2699 hoc:
1299 2672 1354 2699 ne
1380 2657 1457 2699 illo
1484 2658 1670 2712 quidem
1696 2662 1870 2725 tempo⁴

308 2743 515 2778 senatum
544 2751 569 2778 a
597 2737 744 2792 prisca
771 2737 1116 2791 degeneravisse
1144 2738 1324 2787 virtute,
1353 2738 1398 2778 in
1425 2737 1509 2778 hac
1538 2750 1646 2778 vero
1672 2750 1720 2779 re
1747 2749 1876 2793 pare,

309 2830 356 2857 se
389 2817 621 2858 Tiberium
655 2817 866 2858 Fabricio
894 2817 1184 2871 praestitisse.
1214 2817 1284 2857 De
1312 2816 1433 2857 inani
1460 2816 1705 2858 iactatione
1732 2821 1780 2870 et
1804 2815 1840 2858 i
1868 2876 1877 2884 ἱ

309 2895 480 2936 tatione
514 2896 669 2950 inepta
701 2909 849 2937 sermo
882 2895 954 2936 hic
987 2909 1084 2936 esse
1116 2901 1268 2950 potest
1300 2895 1458 2937 nullus.
1493 2895 1590 2937 Aut
1615 2895 1652 2937 si
1679 2895 1873 2939 eiusmu

309 2975 586 3029 suspiciones
628 2976 700 3017 hic
741 2977 836 3017 sine
878 2990 1055 3018 summa
1092 2976 1251 3017 iniuria
1283 2975 1471 3031 proferri
1505 2981 1708 3030 possunt,
1741 2975 1872 3032 qu‘y
