2040 3412
1064 299 1140 368 ,7⁸

388 419 446 460 H.
481 419 515 468 I,
550 419 620 460 81.
664 418 773 473 (Ubi
816 418 981 460 milites
1024 425 1218 461 mortem
1261 420 1483 470 omnibus,
1522 421 1599 475 qui
1632 421 1677 462 in
1709 404 1866 471 couvi?

325 499 448 552 apud
491 497 723 540 Othonem
765 499 969 548 aderant,
1011 500 1296 541 senatoribus
1338 500 1598 542 minitantes
1629 500 1882 556 irrupere,

327 578 424 632 ipse
465 577 589 620 Otho
630 591 822 632 propere
855 579 1071 620 convivas
1102 579 1227 622 abire
1258 580 1419 635 iussit):
1458 586 1579 634 „tum
1612 593 1719 622 vero
1751 593 1847 635 pa
1844 563 1894 627 ''ij''

328 658 616 712 magistratus
649 658 862 712 proiectis
893 659 1154 713 insignibus,
1189 661 1332 701 vitata
1362 660 1580 703 comitum
1614 665 1660 701 et
1687 673 1810 702 serv

328 737 595 791 frequentia,
638 751 768 779 senes
810 738 1095 793 feminaeque
1133 753 1213 794 per
1244 739 1457 782 tenebras
1489 740 1669 782 diversa
1697 739 1883 789 urbis

331 831 451 866 nera,
490 818 575 858 rari
614 818 789 868 domos,
828 818 1007 872 plurimi
1039 819 1287 860 amicorum
1319 824 1456 869 tecta,
1491 825 1537 861 et
1568 825 1618 862 ut
1650 819 1814 874 cuique
1833 862 1889 867 ,,

330 897 541 939 millimus
574 897 713 939 cliens
746 898 940 940 incertas
973 898 1169 940 latebras
1202 897 1475 953 petierunt'’.
1831 881 1888 962 κ

389 977 636 1019 Adiectivo
670 979 863 1020 incertas
893 992 984 1019 non
1018 960 1250 1020 clientium
1284 979 1604 1029 habitationes,
1637 983 1686 1020 ut
1719 960 1888 1042 ta'm‘J

330 1058 471 1108 miles,
505 1063 691 1112 tamque
725 1058 769 1098 in
803 1058 955 1112 aliquo
987 1058 1110 1099 urbis
1140 1058 1306 1112 angulo
1335 1058 1610 1108 reconditae,
1637 1063 1689 1100 ut
1714 1056 1895 1120 haud„

329 1137 413 1197 cile
435 1150 462 1178 a
481 1137 858 1191 persequentibus
876 1137 1174 1191 praetorianis
1190 1138 1381 1179 inveniri
1395 1138 1582 1192 possint,
1596 1137 1805 1180 describu
1818 1125 1884 1191 22³*v

330 1216 409 1257 sed
443 1216 652 1258 iudicium
685 1216 824 1270 ipsius
856 1216 1018 1266 Taciti,
1049 1216 1178 1258 triste
1209 1223 1347 1271 atque
1381 1229 1603 1267 severum,
1635 1229 1692 1258 eo
1759 1235 1798 1253 re
1824 1204 1903 1270 ‚2²3

330 1301 422 1346 tur;
456 1295 544 1337 hoc
576 1297 696 1337 enim
729 1296 862 1337 dicit:
901 1297 961 1350 „si
993 1310 1064 1338 res
1095 1297 1140 1338 in
1174 1309 1399 1338 summurn
1431 1296 1587 1338 fuisset
1612 1287 1873 1340 adductas

331 1377 515 1426 crimen,
549 1377 770 1431 prodituri
803 1381 1020 1431 patronos
1052 1390 1157 1418 suos
1187 1376 1249 1418 illi
1282 1377 1470 1418 clientes
1500 1376 1658 1420 erant’'
1678 1375 1723 1432 ¹).

394 1457 452 1498 H.
486 1457 567 1506 111,
605 1467 658 1510 23
704 1462 750 1498 et
794 1466 862 1510 25.
908 1457 1123 1498 Nondum
1167 1457 1275 1498 satis
1318 1462 1526 1499 accurate
1569 1456 1885 1514 lucideque

335 1542 634 1579 monstratum
667 1550 763 1578 esse
796 1538 958 1592 opinor
990 1537 1099 1591 quid
1132 1542 1249 1579 esset
1283 1537 1344 1592 (in
1377 1537 1635 1580 narratione
1666 1537 1724 1580 de
1754 1532 1925 1597 ρ”ψζοςΑ

334 1617 645 1672 Cremonensi)
686 1631 829 1672 agger
868 1618 968 1659 viae
1009 1622 1054 1658 et
1093 1617 1202 1671 quid
1235 1617 1360 1659 limes
1390 1618 1501 1659 viae.
1536 1617 1671 1660 Certe
1701 1617 1755 1660 in'
1776 1612 1878 1667 ετ)

333 1698 406 1739 hic
440 1703 642 1739 versatus
674 1703 742 1738 est
776 1697 1082 1752 Nipperdeius
1113 1697 1282 1751 quique
1314 1710 1352 1738 c.
1389 1706 1439 1750 25
1471 1698 1664 1740 eandem
1691 1709 1850 1752 quam
1857 1683 1898 1771 '²:33
1924 1693 1931 1697 ’

333 1778 672 1819 distinctionem
716 1777 951 1831 praebent.
991 1776 1065 1818 Sic
1098 1777 1219 1818 enim
1252 1777 1314 1818 ibi
1348 1778 1512 1819 edunt:
1552 1777 1716 1831 „laxati
1741 1771 1877 1862 ord}

334 1856 409 1911 (sc.
454 1856 818 1911 Vitellianorum)
861 1857 1212 1911 abrumpuntur3
1248 1871 1330 1898 nec
1364 1857 1537 1899 restitui
1570 1858 1756 1912 quivere
1775 1857 1853 1906 im
1876 1865 1880 1871 ’

334 1937 564 1978 dientibus
590 1936 808 1978 vehiculis
833 1937 1164 1990 tormentisque
1191 1951 1272 1991 per
1294 1937 1484 1979 limitem
1509 1937 1623 1980 viae.
1633 1936 1802 1993 Sp'ar

336 2016 626 2058 festinatione
657 2017 951 2058 consectandi
986 2016 1223 2058 victores’z
1256 2016 1323 2058 At
1355 2018 1418 2058 sic
1451 2017 1577 2061 limes
1605 2017 1706 2060 viae
1729 2017 1824 2060 id
1859 2067 1877 2084 ,ἐ

337 2098 460 2151 quod
503 2111 644 2152 agger
685 2097 795 2147 viae,
839 2097 1063 2151 siquidem
1106 2111 1144 2138 c.
1190 2108 1243 2151 23
1283 2097 1496 2151 legimus:
1542 2097 1831 2151 „Vitelliani
1846 2122 1878 2154 ;

337 2182 491 2217 menta
522 2177 567 2217 in
600 2190 812 2231 aggerem
845 2177 944 2217 viae
976 2175 1305 2218 contulerant”.
1339 2176 1405 2218 At
1437 2177 1535 2232 ipsa
1559 2177 1779 2221 sermonis
1802 2160 1868 2221 ΓᾸ

336 2256 512 2297 indoles
554 2255 708 2297 obstat
748 2256 989 2309 quominus
1031 2255 1254 2298 vocabula
1295 2262 1390 2297 tam
1431 2256 1622 2308 diversa,
1659 2236 1861 2316 quam

336 2336 461 2377 limes
502 2341 548 2376 et
589 2349 745 2390 agger,
788 2349 988 2388 unquam
1030 2335 1152 2376 idem
1194 2335 1463 2389 significent,
1505 2349 1666 2390 neque,
1703 2336 1767 2377 si.

335 2416 552 2456 sumimus
584 2414 753 2456 facturn
785 2415 858 2456 hic
890 2428 987 2456 esse
1019 2415 1142 2469 quod
1177 2414 1271 2456 fieri
1303 2428 1394 2456 non
1427 2416 1584 2469 possit,
1617 2415 1758 2457 totius
1794 2435 1880 2451 ·

336 2494 473 2535 tionis
511 2495 574 2535 sic
614 2495 730 2535 ratio
768 2499 959 2535 constat.
993 2494 1060 2535 At
1091 2495 1366 2548 transposita
1399 2494 1691 2537 distinctione
1721 2470 1823 2536 siff?

338 2554 643 2614 narrationem
683 2573 982 2614 nanciscimur
1016 2573 1132 2614 bene
1166 2574 1479 2614 decurrentem
1512 2573 1559 2615 et
1589 2573 1871 2633 utriusque
1857 2558 1891 2571 γ’

338 2652 486 2693 cabuli
529 2652 653 2693 limes
693 2658 740 2693 et
776 2666 920 2707 agger
950 2652 1328 2706 significationem
1361 2666 1452 2694 non
1485 2652 1631 2694 solum
1662 2657 1868 2711 aptam

338 2744 454 2783 quae
487 2732 617 2771 unice
650 2732 850 2785 ipsorum
883 2732 1127 2773 conveniat
1153 2738 1352 2774 naturae.
1383 2731 1456 2774 Sic
1485 2731 1607 2773 enim
1634 2745 1672 2774 c.
1701 2730 1858 2803 251-'J->

393 2861 426 2904 1)
453 2862 557 2902 Quod
580 2863 647 2894 hoc
673 2873 776 2895 sensu
802 2863 941 2895 intutas
961 2863 1091 2906 requiri
1112 2865 1294 2896 contendit
1316 2865 1553 2908 Andresenus,
1573 2864 1729 2899 conferat
1748 2862 1796 2901 H
1822 2847 1873 2891 ³

344 2928 428 2960 „per
453 2919 584 2951 incerta
611 2920 796 2953 tutissimi³²
799 2945 809 2963 7
834 2921 895 2952 ubi
921 2925 1038 2962 aperte
1063 2921 1236 2954 adiectiva
1261 2932 1350 2964 quae
1375 2927 1457 2954 sunt
1482 2923 1636 2955 incertus
1659 2926 1695 2955 et
1719 2920 1856 2954 ηοηοιί

341 2985 377 3007 se
403 2982 641 3019 opponuntur,
667 2987 820 3020 ergoque
846 2978 1002 3009 incertus
1026 2977 1198 3019 significat
1217 2983 1370 3021 prorsus
1395 2980 1483 3011 idem
1508 2979 1605 3022 quod
1628 2978 1783 3012 intutus
1818 2968 1858 3022 ’ᾗ
