2040 3412
1110 310 1165 350 82

396 426 423 466 i.
457 440 494 467 e.
538 440 627 467 non
667 440 748 479 „ne
783 427 926 476 Livia,
961 426 1111 469 Seiani
1145 428 1307 483 paelex
1339 428 1411 482 (=
1445 428 1666 483 adultera)
1699 418 1893 473 aemul

335 519 470 546 onem
504 506 647 547 iustae
680 507 832 547 uxoris
865 507 1118 549 metueret⁹³
1122 540 1132 557 ,
1165 509 1245 550 sed
1285 521 1365 561 „ne
1398 508 1495 563 ipse
1529 507 1718 550 Seianus
1744 511 1921 565 prop

334 585 580 639 Apicatam
614 586 774 640 paelici
807 587 966 641 (rivali)
1000 589 1092 630 eius
1124 594 1360 642 suspectus
1392 587 1554 629 esset'’.

393 665 516 706 Ann.
552 665 632 715 IV,
669 677 737 720 29.
773 667 922 708 Locus
954 673 1023 708 est
1050 668 1108 709 de
1137 668 1276 710 Vibio
1305 667 1489 718 Sereno,
1518 681 1655 722 quem
1681 681 1787 710 suus
1814 659 1926 716 fili

330 751 533 796 accusat;
575 746 626 796 is,
661 760 763 788 cum
796 748 1004 801 quaestio
1037 748 1094 789 de
1126 749 1266 789 servis
1299 747 1456 789 habita
1487 749 1678 790 adversa
1710 747 1847 790 sibi
1887 795 1906 804 ..

326 830 409 873 set,
443 825 555 866 iram
588 825 710 880 vulgi
743 831 950 867 metuens
985 826 1199 881 profugit,
1231 828 1311 868 sed
1345 841 1371 868 a
1402 827 1587 869 Tiberio
1615 827 1946 879 retrahitm‘z

327 906 515 958 exsequi
539 906 876 947 accusationem
901 907 1090 961 cogitur.
1121 907 1239 969 Nam
1264 913 1395 949 vetus
1422 913 1519 949 erat
1543 907 1714 950 Tiberii
1737 908 1784 950 in
1820 924 1828 943 t
1853 911 1868 940 ’-
1884 895 1943 972 ἐξ

326 984 481 1025 odium
515 990 702 1039 propter
734 982 960 1040 quaedam
993 986 1051 1027 ab
1084 986 1161 1027 illo
1193 986 1472 1041 petulantius
1507 987 1652 1028 dicta:
1835 972 1925 1052 *ἲ
1971 1046 1973 1050 [

391 1077 469 1115 „ea
502 1063 667 1106 Caesar
699 1070 805 1106 octo
838 1071 942 1120 post
975 1079 1118 1107 annos
1148 1065 1339 1115 rettulit,
1369 1067 1570 1108 medium
1599 1072 1785 1123 tempus
1808 1102 1811 1105 ,

328 1156 533 1196 arguens,
577 1145 752 1186 etiamsi
797 1150 1027 1187 tormenta
1069 1146 1325 1200 pervicacia
1365 1159 1598 1188 servorum
1637 1151 1800 1197 contra

333 1222 548 1264 nissent”.

399 1301 548 1343 Primo
591 1309 777 1358 aspectu
808 1305 985 1346 etiamsi
1013 1305 1252 1348 evenissent
1282 1305 1353 1347 hic
1385 1306 1583 1360 positum
1615 1305 1760 1355 videri
1795 1312 1801 1317 ‘
1846 1366 1849 1370 [
1896 1359 1898 1361 [

335 1395 418 1435 pro
445 1395 712 1436 quamquam
738 1393 985 1435 evenerant,
1013 1385 1092 1426 sed
1123 1399 1213 1427 non
1242 1399 1300 1426 ex
1324 1385 1471 1427 Taciti
1497 1399 1654 1428 verum
1677 1399 1738 1428 ex
1760 1385 1815 1429 T·

335 1467 487 1503 mente
529 1476 583 1504 ea
624 1464 848 1505 vocabula
890 1465 1039 1518 posita
1080 1470 1207 1515 sunt;
1248 1465 1284 1506 is
1325 1465 1446 1506 enim
1485 1463 1549 1507 sic
1587 1463 1830 1520 disputans
1869 1456 1920 1515 ’,

333 1541 675 1595 intelligendus:
713 1545 942 1597 „quamvis
973 1544 1227 1598 pervicacia
1258 1557 1491 1586 servorum
1517 1531 1927 1602 tormenta,m*'f·f3‚'

331 1621 561 1671 evenerint,
590 1627 744 1664 tamen
773 1623 1057 1664 damnandus
1085 1623 1278 1665 Serenus
1303 1630 1384 1674 est,
1410 1637 1515 1665 nam
1538 1629 1645 1666 ante
1662 1624 1770 1667 octo*
1943 1618 1958 1623 ’

333 1699 568 1741 maledixit
595 1702 718 1751 mihi,
747 1707 794 1743 et
820 1708 979 1757 postea
1007 1717 1190 1758 quoque
1217 1717 1354 1745 unum
1381 1710 1428 1745 et
1454 1704 1645 1746 alterum
1673 1704 1780 1748 fecit
1800 1714 1842 1761 q‘
1861 1701 1918 1751 „²

330 1779 439 1820 mihi
473 1780 714 1823 molestum
746 1782 908 1823 esset”.
943 1783 1164 1824 Fabulam
1199 1797 1307 1844 ergo
1340 1784 1397 1824 de
1429 1783 1538 1839 lupo
1570 1789 1616 1825 et
1646 1797 1768 1839 agno
1806 1765 1932 1842 ··-·2='>⁵i·

332 1858 502 1900 Tiberii
535 1861 680 1901 oratio
713 1862 757 1902 in
792 1867 992 1903 mentem
1025 1868 1174 1904 vocat.
1625 1906 1631 1910 ,
1852 1851 1938 1923 ,ϋκ

306 1998 309 2001 Δ
389 1938 512 1980 Ann.
556 1940 638 1990 IV,
685 1953 752 1994 34.
795 1941 1050 1983 Cremutius
1093 1942 1268 1984 Cordus
1309 1949 1359 1985 ut
1401 1944 1683 1986 demonstret
1722 1952 1773 1992 se

329 2020 607 2061 commisisse
639 2022 763 2074 quod
798 2021 984 2063 Brutum
1012 2028 1058 2063 et
1086 2022 1289 2064 Cassium
1316 2023 1582 2074 laudaverit,
1610 2030 1657 2066 et
1679 2023 1771 2069 ‘alia
1795 2006 1916 2061 ,‚;.f
1939 2013 1942 2015 Δ

330 2100 542 2154 exempla
573 2106 619 2142 et
653 2101 762 2142 hoc:
1774 2135 1776 2137 »
1843 2087 1958 2178 W*

390 2179 545 2232 „Titus
590 2181 758 2230 Livius,
803 2181 1091 2236 eloquentiae
1134 2196 1185 2224 ac
1227 2183 1332 2225 fidei
1373 2183 1630 2238 praeclarus
1666 2183 1714 2225 in
1751 2171 1900 2242 pri
1951 2165 1953 2169 ι

326 2257 406 2299 Cn.
441 2259 708 2314 Pompeium
741 2261 908 2302 talibus
939 2261 1148 2304 laudibus
1181 2262 1356 2312 extulit,
1386 2268 1434 2304 ut
1463 2262 1790 2317 Pompeianum
1825 2285 1844 2296 -a

323 2337 558 2391 Augustus
591 2340 864 2394 appellaret:
899 2354 1046 2395 neque
1079 2341 1124 2382 id
1157 2342 1384 2383 amicitiae
1417 2355 1572 2383 eorum
1605 2331 1827 2384 offecit’?.²

383 2418 652 2473 Plerumque
684 2419 763 2461 illo
794 2421 1018 2462 vocabulo
1041 2422 1159 2477 fides
1191 2427 1350 2462 notum
1382 2421 1506 2463 illum
1541 2421 1658 2463 Livii
1684 2408 1918 2487 curse-{2³³

321 2497 493 2539 laudari
528 2499 608 2540 viri
637 2500 760 2541 docti
789 2506 969 2554 putant3
1000 2501 1080 2542 sed
1107 2500 1183 2541 illa
1209 2501 1396 2555 quidem
1421 2501 1570 2543 virtus
1595 2501 1703 2555 quid
1731 2494 1810 2544 h'ic'
1844 2487 1914 2559 ϊῖζ

321 2577 443 2618 vult?
471 2577 715 2631 Quomodo
743 2580 849 2620 inde
878 2579 1133 2622 Cremutius
1159 2585 1475 2634 argumentum
1498 2585 1659 2634 ,petere
1683 2563 1925 2636 potest?

320 2657 459 2698 verba
481 2671 562 2698 sua
586 2664 820 2712 tamquam
845 2660 1040 2701 innocua
1065 2658 1379 2701 defendenda?
1402 2659 1535 2701 Fides
1557 2648 1915 2714 intelligitut'fi'
1960 2651 1963 2654 ’

320 2736 432 2776 fides
471 2751 577 2791 erga
617 2738 870 2792 principem
908 2745 954 2780 et
986 2740 1173 2781 omnino
1206 2753 1313 2793 erga
1344 2738 1437 2784 τοὺς
1471 2738 1511 2780 ἐν
1544 2738 1656 2781 τέλει
1688 2738 1788 2790 βεβ

317 2821 385 2855 est
426 2816 520 2856 eius
563 2817 639 2870 qui
683 2818 910 2870 praesenti
951 2832 1099 2860 rerum
1131 2819 1400 2860 condicione
1433 2824 1479 2859 et
1511 2819 1737 2873 praesenti
1767 2832 1808 2861 r

318 2893 463 2934 blicae
504 2900 624 2936 statu
668 2902 910 2938 contentus
952 2899 1010 2939 de
1052 2899 1182 2939 novis
1222 2898 1356 2939 rebus
1398 2911 1455 2938 ne
1486 2898 1684 2940 somniat
1714 2882 1911 2953 qmla's‘

1806 2955 1811 2958 -
1842 2948 1869 2967 ι’;«
1922 2943 1924 2946 ’

319 2973 402 3013 Est
445 2986 553 3026 ergo
595 2975 718 3027 quod
762 2975 1047 3031 Francogalli
1095 2976 1334 3033 „loyaute”
1377 2976 1624 3030 appellant.
1665 2977 1792 3019 Talis
