2040 3412
1903 270 1910 282 '·=
1919 269 1939 291 ,ἐς

1065 316 1149 357 218

374 443 411 487 5.
450 434 572 486 „Nec
606 434 867 476 Tacfarinas
900 449 1099 489 pugnam
1133 435 1450 477 detrectavit.”

370 515 411 556 6.
450 515 582 567 „Fusi
617 515 888 557 Numidae.''

371 595 533 635 Parum
563 608 671 649 ergo
698 600 805 649 apte
831 600 928 636 tota
957 601 1025 636 est
1051 596 1271 650 disposita
1300 596 1511 637 narratio.
1546 596 1680 646 Nam,
1709 601 1759 638 ut
1785 577 1959 661 nunu?

311 688 381 715 res
426 687 473 715 se
516 674 669 724 habet,
704 675 749 716 id
784 676 906 728 quod
940 676 1076 716 tertio
1110 681 1179 716 est
1211 676 1410 730 positum
1442 675 1545 716 loco
1579 676 1667 730 (spe
1695 662 1952 735 victoriae-³2

311 756 481 797 inducti
519 763 623 797 sunt
660 763 709 797 ut
737 755 1033 810 vincerentur)
1067 755 1189 796 illam
1222 756 1268 797 in
1301 755 1440 796 breve
1473 755 1671 809 spatium
1702 737 1967 811 compre-J}

312 835 485 884 hendit,
520 835 591 876 vel
625 836 775 889 potius
808 836 917 889 quid
955 835 1132 888 „fabula
1164 834 1357 877 doceat”
1390 848 1472 876 nos
1504 823 1736 886 admonet,
1768 826 1959 893 atque

312 920 361 955 ut
379 915 538 968 quinta
555 928 659 970 pars
677 915 784 969 (Nec
808 915 856 956 T.
867 923 1070 970 pugnam
1087 915 1360 970 detrectavit)
1380 914 1514 969 plane
1532 915 1611 956 fiat
1627 900 1955 970 supervacua&

312 995 463 1036 efficit.
513 994 634 1049 Quid
678 1008 785 1036 vero
827 995 863 1036 si
906 995 1015 1036 illud
1057 1002 1131 1050 spe
1161 995 1374 1036 victoriae
1403 995 1572 1037 inducti
1598 991 1702 1038 sunt
1732 1002 1784 1042 ut
1809 994 1873 1045 ‘ivi⁵

312 1082 518 1116 cerentur
550 1073 780 1116 eiicimus?
822 1073 1001 1124 Omnia,
1034 1080 1085 1115 ut
1117 1075 1291 1128 opinor,
1326 1074 1439 1116 fiunt
1473 1064 1825 1129 expeditissima]
1848 1067 1956 1131 e}

314 1154 649 1208 elegantissime
683 1155 941 1196 decurrunt.
975 1154 1036 1195 Et
1069 1167 1344 1208 quamquam
1376 1154 1484 1195 satis
1517 1158 1706 1196 venuste
1732 1136 1957 1216 dictunirss

312 1234 358 1275 id
385 1239 452 1275 est
478 1234 601 1288 quod
627 1248 709 1275 nos
736 1234 1071 1289 proscribimus,
1091 1235 1302 1288 putidum
1319 1239 1472 1276 tamen
1490 1235 1609 1289 sapit
1626 1233 1908 1289 magistrum.

374 1314 433 1355 A.
468 1314 549 1355 VI.
586 1326 626 1367 3.
665 1315 869 1367 „Iunium
897 1314 1167 1364 Gallionem,
1195 1315 1272 1368 qui
1301 1320 1550 1364 censuerat,
1569 1319 1618 1355 nt
1634 1313 1914 1368 praetoriam
1943 1319 1954 1369 {-

311 1394 424 1435 actis
466 1394 705 1448 stipendiis
748 1395 815 1435 ius
856 1395 1166 1449 apiscerentur
1198 1395 1243 1435 in
1277 1393 1642 1448 quattuordecim
1665 1382 1951 1442 'ordinibusff

310 1475 516 1524 sedendi,
550 1474 773 1516 violenter
806 1475 1030 1529 increpuit
1062 1474 1316 1529 (Tiberius),
1350 1474 1474 1516 velut
1502 1487 1659 1516 coram
1691 1467 1948 1530 rogitanus*

312 1554 420 1608 quid
462 1554 524 1595 illi
557 1568 659 1596 cum
694 1554 924 1604 militibus,
958 1568 1072 1609 quos
1105 1568 1252 1609 neque
1286 1555 1409 1596 dicta
1439 1553 1725 1609 imperatoris
1756 1535 1955 1610 nequ&

313 1635 514 1688 praemia
547 1635 631 1675 nisi
663 1634 722 1675 ab
756 1634 1030 1688 imperatore
1062 1632 1268 1688 accipere
1302 1647 1383 1688 par
1414 1632 1576 1675 essetss’

373 1712 446 1755 Sic
475 1719 544 1755 est
561 1714 606 1755 in
625 1715 805 1764 codice;
828 1714 1007 1768 Lipsius
1024 1714 1311 1770 imperatoris
1328 1713 1472 1763 delet;
1492 1712 1602 1755 mihi
1618 1703 1851 1756 verisimili
1942 1765 1948 1773 ‚⁷

312 1793 491 1835 videtur
519 1794 729 1835 Tacitum
757 1795 1010 1849 scripsisse:
1045 1808 1183 1848 „quos
1211 1807 1359 1848 neque
1387 1793 1511 1835 dicta
1537 1806 1686 1848 neque
1702 1792 1925 1848 praeflfim
1946 1806 1957 1839 J

311 1874 395 1914 nisi
413 1874 698 1927 imperatoris
715 1875 921 1928 accipere
939 1888 1020 1928 par
1037 1873 1198 1923 esset”,
1218 1874 1341 1928 quod
1361 1887 1463 1914 cum
1481 1873 1538 1914 ad
1558 1872 1855 1928 intelligendu

310 1954 446 2007 paulo
480 1954 710 1995 videretur
742 1955 965 1995 difficilius
998 1955 1042 1995 in
1076 1955 1278 2008 margine
1310 1959 1580 1995 annotatum
1612 1940 1711 1995 esse
1741 1952 1798 1995 ab
1819 1953 1905 1996 im-

300 2040 514 2087 peratore
539 2035 596 2075 ad
624 2040 895 2076 structuram
924 2035 1067 2088 magis
1094 2039 1358 2075 consuetam
1375 2033 1690 2083 indicandam;
1708 2039 1937 2096 ωεῑιίζῑῑῆ

308 2114 449 2155 semel
490 2128 543 2155 ea
575 2114 813 2155 annotatio
847 2119 950 2168 post
983 2114 1071 2155 nisi
1101 2114 1145 2154 in
1179 2118 1308 2154 textu
1343 2118 1461 2154 esset
1492 2113 1655 2167 posita,
1687 2099 1771 2154 suo
1792 2095 1945 2162 1000

310 2194 489 2248 pulsum
532 2195 819 2248 zmperatorz's
860 2195 905 2234 in
950 2193 1146 2235 alienum
1188 2193 1433 2235 aberrasse.
1478 2192 1580 2234 Hoc
1622 2197 1796 2237 certum

312 2287 403 2314 non
446 2287 578 2327 posse
622 2275 768 2315 sanari
811 2273 961 2314 locum
995 2259 1078 2314 nisi
1114 2286 1204 2314 uno
1237 2273 1498 2327 pluribusve
1530 2270 1763 2314 vocabulis
1782 2280 1903 2315 rec}

312 2354 496 2395 dendis·
532 2355 701 2395 nemini
734 2354 855 2394 enim
888 2353 1072 2408 probari
1105 2353 1267 2407 opinor
1298 2352 1370 2393 vel
1399 2351 1791 2406 Nipperdeianum
1887 2320 1930 2385 '‘:s

311 2448 333 2474 e
356 2435 602 2488 praetorio,
637 2433 708 2475 vel
742 2434 1045 2475 Ritterianum
1079 2433 1277 2487 imperiti
1306 2424 1516 2474 oratoris.
1882 2415 1918 2431 Ἠ

371 2514 448 2555 Ad
481 2513 672 2555 alterum
707 2527 826 2555 nunc
860 2513 1066 2554 codicem
1100 2512 1359 2554 Mediceum
1391 2517 1685 2552 transeamus.

371 2594 429 2635 A.
475 2594 555 2643 XI,
598 2606 639 2645 4.
685 2592 786 2647 Quo
821 2593 1006 2633 crimine
1039 2591 1239 2640 fratrum,
1273 2591 1436 2644 quibus
1470 2590 1602 2631 Petra
1633 2600 1874 2644 cognome

311 2675 424 2716 alter
458 2674 640 2728 perierit
674 2669 925 2715 his‘verbis
955 2672 1171 2723 traditur:

376 2755 663 2806 „Nocturnae
720 2754 885 2807 quietis
937 2753 1112 2807 species
1168 2752 1373 2800 obiecta,
1427 2738 1685 2804 tamquam·
1715 2736 1925 2790 s

313 2834 549 2879 Claudium
603 2834 756 2888 spicea
802 2846 970 2874 corona
1018 2833 1248 2873 evinctum
1296 2832 1435 2885 spicis
1481 2835 1602 2871 retro
1635 2842 1795 2882 -conve

315 2927 458 2966 eaque
491 2914 686 2967 imagine
718 2914 989 2967 gravitatem
1022 2926 1230 2954 annonae
1264 2910 1498 2952 dixisset.”

374 2992 448 3035 Sic
491 2999 559 3035 est
600 2994 645 3034 in
690 2994 861 3034 codice.
905 2993 990 3034 Pro
1028 2993 1214 3034 dixisset
1244 2997 1396 3032 autem
1430 2990 1676 3031 Rhenanus
1707 2988 1808 3030 co‘
