2040 3412
1065 292 1146 323 120

352 403 409 443 A.
445 403 478 452 I,
513 414 584 455 44.
630 403 837 443 Tandem
881 401 1126 456 aliquando
1163 398 1332 444 sedatis
1364 403 1555 444 militurn
1588 403 1748 445 animis
1780 395 1888 446 Ger·

291 484 495 524 manicus
532 478 922 536 „centurionatum
956 482 1091 536 egit”.
1126 479 1460 525 De'vocabulis
1489 483 1630 525 multa
1649 477 1891 538 'disputant
1959 476 1965 485 ’

291 564 372 604 viri
425 564 561 613 docti,
611 577 704 604 rem
754 564 898 617 ipsam
946 564 1054 604 satis
1100 569 1309 604 accurate
1359 551 1595 618 sequentia
1643 563 1890 606 illustrantz

297 643 486 696 „citatus
527 643 585 684 ab
630 644 904 698 imperatore
943 656 1123 692 nomen,
1159 643 1379 693 ordinem,
1413 644 1618 698 patriam,
1654 637 1890 686 numerum

290 719 634 777 stipendiorum,
680 737 796 778 quae
839 728 1022 764 strenue
1066 724 1109 764 in
1143 723 1325 778 proeliis
1356 723 1548 774 fecisset,
1582 729 1627 764 et
1659 723 1729 765 cui
1762 716 1891 766 erant

293 804 413 844 dona
455 803 677 853 militaria,
721 803 902 844 edebat.
946 803 991 846 Si
1030 804 1211 854 tribuni,
1245 804 1280 844 si
1313 803 1432 858 legio
1464 804 1732 861 industriam
1747 795 1891 846 :inn'o-

291 884 579 937 centiamque
607 884 987 938 adprobaverant,
1018 885 1276 926 retinebant
1304 884 1531 926 ordinem:
1556 885 1631 926 ubi
1654 876 1891 931 avaritiam
1991 891 2005 942 ᾗ

291 969 369 1004 aut
403 964 717 1005 crudelitatem
751 978 971 1006 consensu
1006 954 1372 1015 obiecta-vissent‘,
1401 964 1660 1007 solvebatur
1688 963 1891 1007 militia'’.
1944 969 1958 1025 ᾗ

352 1044 417 1086 Cf.
453 1058 488 1086 c.
526 1056 603 1098 32:
654 1050 866 1099 „repente
910 1044 1135 1099 lymphati
1178 1045 1404 1087 destrictis
1444 1045 1606 1099 gladiis
1649 1045 1693 1087 in
1723 1050 1892 1088 'centu-
1942 1051 1943 1054 ’
1984 1041 1995 1056 ‘²

291 1126 440 1166 riones
478 1126 699 1166 invadunt
733 1158 742 1166 .
762 1158 771 1166 .
793 1158 831 1166 ..
867 1131 1115 1179 prostratos
1148 1125 1412 1166 verberibus
1445 1108 1891 1181 mulcant'sexage'ni

291 1205 490 1259 singulos
524 1238 533 1246 .
553 1237 562 1246 .
584 1237 622 1246 ..
658 1211 753 1247 tum
793 1205 1035 1246 convulsos
1067 1205 1350 1259 laniatosque
1384 1210 1429 1246 et
1461 1205 1626 1260 partim
1659 1206 1892 1248 exani-m&

293 1291 398 1326 ante
431 1274 598 1327 vallum
631 1291 709 1327 aut
741 1286 785 1326 in
820 1286 1031 1327 Rhenum
1064 1285 1334 1340 proiciunt”.
1748 1276 1752 1279 Δ
1868 1277 1871 1281 ”

353 1367 588 1408 Habemus
635 1367 707 1407 hic
756 1367 812 1408 de
857 1367 1018 1408 eadem
1062 1380 1108 1407 re
1152 1367 1263 1408 duas
1306 1367 1586 1408 narrationes
1627 1367 1891 1419 admodum,

293 1453 341 1488 ut
375 1447 550 1501 opinor,
583 1448 701 1488 inter
732 1460 779 1487 se
813 1447 1026 1488 diversas.
1062 1447 1203 1488 Modo
1237 1447 1444 1488 audimus
1471 1447 1527 1488 de
1553 1446 1892 1490 centurionibus

294 1527 514 1577 mulcatis,
556 1527 795 1577 convulsis,
837 1527 1027 1576 laniatis,
1071 1526 1366 1576 exanimibus,
1402 1527 1627 1581 proiectis,
1661 1527 1801 1569 modo
1833 1527 1890 1570 de

294 1607 511 1648 militibus
538 1613 724 1661 questus
756 1621 859 1648 suos
892 1607 1050 1648 ordine
1085 1607 1354 1661 placideque
1388 1596 1734 1661 proferentibuS,
1768 1607 1891 1650 vide—

293 1701 480 1741 musque
503 1686 822 1742 imperatorem
846 1692 1031 1741 questus
1053 1686 1152 1728 illos
1170 1692 1573 1740 recognoscentem
1591 1692 1636 1728 et
1654 1687 1711 1728 de
1729 1687 1887 1729 iisdem

291 1767 376 1808 illis
423 1767 760 1808 centurionibus
808 1767 1021 1808 iudicium
1067 1780 1392 1820 censuramque
1437 1772 1742 1808 exercentem.
1785 1767 1890 1809 Non

291 1861 399 1901 ergo
442 1848 577 1888 occisi
621 1847 682 1888 illi
726 1853 867 1888 erant.
911 1847 1091 1888 Dixeris
1132 1861 1187 1888 ne
1220 1861 1244 1888 e
1278 1847 1427 1900 capite
1467 1847 1651 1901 quidem
1688 1840 1740 1900 32
1774 1847 1889 1889 effici

292 1942 424 1983 posse
468 1928 567 1969 illos
609 1928 665 1969 ad
711 1941 849 1969 unum
893 1941 1050 1968 omnes
1092 1932 1200 1968 tunc
1236 1941 1332 1968 esse
1366 1926 1641 1969 interfectos.
1675 1926 1891 1970 Concedo

292 2015 523 2063 utcunque
564 2009 658 2050 fieri
695 2010 894 2063 potuisse
926 2014 976 2049 ut
1010 2021 1122 2049 unus
1155 2013 1200 2049 et
1232 2007 1346 2049 alter
1378 1998 1908 2071 perniciem'effugeret,

291 2089 385 2139 sed,
420 2090 455 2150 si
491 2103 647 2130 verum
681 2094 748 2129 est
782 2088 904 2142 quod
939 2102 975 2129 c.
1009 2098 1062 2141 32
1093 2092 1310 2137 narratur,
1340 2087 1411 2128 vel
1439 2101 1576 2128 unum
1604 2078 1889 2150 superfuisse,

292 2170 368 2223 qui
398 2170 442 2210 in
470 2169 547 2210 illo
574 2183 710 2210 censu
739 2169 829 2210 suis
857 2174 975 2209 stare
1006 2167 1198 2222 pedibus
1226 2172 1392 2221 posset,
1418 2167 1463 2207 id
1487 2180 1572 2221 ego
1596 2167 1889 2221 pertinaciter
1942 2191 1943 2194 =

294 2264 424 2304 nego.
453 2249 550 2290 Aut
578 2249 739 2290 mirum
768 2249 812 2289 in
842 2249 1027 2289 modum
1056 2261 1171 2301 quae
1200 2260 1236 2288 c.
1269 2258 1321 2301 32
1349 2246 1559 2301 leguntur
1581 2247 1733 2288 omnia
1753 2252 1886 2289 aucta

291 2335 395 2370 sunt
439 2336 485 2371 et
526 2334 813 2383 exaggerata,
856 2319 933 2369 aut
976 2341 1135 2368 census
1177 2327 1251 2368 ille
1294 2327 1474 2368 habitus
1516 2331 1584 2367 est
1625 2327 1683 2367 de
1725 2320 1887 2368 sauciis

292 2410 450 2450 laceris
493 2410 690 2450 animam
734 2410 811 2449 vix
847 2407 1154 2449 trahentibus:
1189 2413 1312 2448 certe
1344 2420 1478 2447 nemo
1512 2419 1667 2447 eorum
1701 2397 1886 2461 militiae

292 2489 364 2530 vel
397 2489 542 2530 ordini
578 2494 710 2543 aptus
741 2489 829 2529 iam
865 2493 974 2529 erat.
1764 2473 1783 2476 Ἰ

352 2569 474 2610 Ann.
511 2569 543 2618 Ι,
582 2569 648 2621 56.
685 2568 979 2610 Germanicus
1017 2567 1307 2621 „expeditum
1341 2566 1590 2607 exercitum
1624 2567 1668 2607 in
1697 2565 1887 2608 Chattos

292 2648 439 2702 rapit'’
471 2648 613 2702 iisque
652 2649 793 2701 „adeo
826 2648 1096 2702 improvisus
1129 2647 1328 2696 advenit,
1363 2652 1423 2696 ut,
1459 2647 1580 2700 quod
1610 2645 1886 2688 imbecillum

292 2734 442 2769 aetate
485 2742 536 2769 ac
579 2742 703 2778 sexu,
746 2729 898 2769 statim
933 2733 1116 2782 captum
1149 2732 1226 2768 aut
1259 2727 1533 2767 trucidatum
1565 2726 1635 2767 sit.
1670 2725 1886 2767 Iuventus

293 2808 459 2849 flumen
517 2809 752 2849 Adranam
805 2808 956 2848 nando
1009 2796 1275 2856 tramiserat,
1326 2806 1648 2858 Romanosque
1696 2810 1883 2859 pontem

291 2888 547 2941 coeptantis
583 2887 822 2937 arcebant;
863 2888 967 2928 dein
1006 2887 1244 2927 tormentis
1276 2885 1541 2939 sagittisque
1575 2884 1702 2939 pulsi,
1736 2890 1883 2939 temp-

292 2968 398 3009 tatis
426 2967 587 3008 frustra
614 2967 969 3016 condicionibus,
998 2980 1099 3007 cum
1120 2966 1304 3019 quidam
1322 2965 1379 3006 ad
1399 2964 1717 3006 Germanicum
1734 2963 1881 3018 perfu-
