2040 3412
880 285 960 329 215

189 395 420 451 „Duorum
454 393 648 435 militurn
682 393 905 448 supplicio
939 393 1123 448 paulum
1156 383 1347 447 repressi
1379 398 1496 434 sunt.
1531 393 1726 435 Iusserat

122 477 169 519 id
197 475 262 520 M:
284 475 473 524 Ennius,
492 479 743 515 castrorum
762 473 1031 527 praefectus,
1052 473 1174 514 bono
1194 473 1336 527 magis
1354 472 1567 527 exemplo
1585 486 1722 527 quam

120 559 337 599 concesso
354 555 463 596 iure.
483 554 662 595 Deinde
682 554 1013 594 intumescente
1033 558 1160 594 motu
1178 553 1394 607 profugus
1413 559 1724 608 repertusque,

118 642 363 694 postquam
390 636 565 677 intutae
592 634 808 683 latebrae,
841 634 1116 688 praesidium
1144 634 1201 675 ab
1230 634 1421 675 audacia
1450 634 1725 676 mutuatur.”

70 700 82 708 ἠ
180 716 383 760 Dubium
415 729 514 757 esse
547 728 638 756 non
672 719 838 768 potest,
874 714 982 768 quin
1017 714 1126 756 illud
1161 722 1446 769 repertusque
1479 715 1725 756 delendum

121 797 422 840 sit.'.Primum
439 796 560 837 enim
585 800 854 849 ,postquam
873 795 1046 836 intutae
1065 794 1297 836 latebrae''
1317 794 1426 836 nihil
1449 795 1570 836 aliud
1589 797 1724 850 signi-

24 866 71 921 5⁵³2
124 877 231 920 ficat
267 890 405 932 quam
443 876 553 918 hoc:
598 881 869 930 „postquam
902 889 949 915 se
983 888 1085 916 mox
1112 883 1337 930 repertum
1366 876 1431 917 iri
1456 875 1727 926 intellexit,'’

66 958 72 994 Γ
123 958 404 1014 ineptissime
422 970 531 1011 ergo
549 964 834 1011 repertusque
851 955 1171 1010 praemittitur.
1202 941 1380 997 Deinde
1400 957 1506 1006 dux,
1525 957 1570 997 in
1589 971 1735 1010 quem⁴

38 1073 51 1081 ³
99 1038 319 1087 ⁷militum
351 1039 416 1080 ira
449 1038 631 1087 exarsit,
664 1037 699 1077 si
731 1036 872 1078 semel
905 1042 972 1078 est
1005 1044 1209 1091 repertus
1243 1037 1284 1090 (i.
1320 1050 1358 1078 e.
1393 1051 1417 1078 e
1449 1036 1646 1087 latebris,
1681 1038 1726 1079 in

124 1133 240 1175 quas
278 1118 496 1172 confugit,
540 1117 826 1172 protractus),
870 1130 896 1157 a
929 1116 1147 1157 militibus
1180 1122 1256 1157 aut
1289 1117 1443 1158 statim
1476 1117 1728 1158 trucidatur

78 1232 81 1254 :
122 1205 203 1243 aut
245 1198 452 1248 vincitur,
497 1203 575 1239 aut
619 1198 817 1251 denique
859 1197 922 1237 ita
964 1197 1184 1237 retinetur
1229 1197 1644 1251 constringiturque
1678 1203 1727 1238 ut

122 1293 415 1324 commovere
455 1293 502 1320 se
536 1292 626 1319 non
661 1278 818 1333 possit.
867 1277 933 1319 At
968 1278 1142 1319 Ennius
1176 1278 1442 1330 „exterritis,
1477 1278 1554 1331 qui
1588 1278 1728 1319 obsti-

120 1366 285 1411 terant,
320 1365 500 1415 raptum
534 1359 751 1400 vexillum
784 1359 841 1400 ad
876 1359 1035 1412 ripam,
1055 1357 1245 1408 vertit;”
1279 1372 1438 1399 manus
1468 1372 1576 1412 ergo
1605 1365 1726 1400 certe

123 1441 324 1484 habebat
349 1441 538 1482 liberas:
567 1445 731 1494 sponte
760 1453 783 1480 e
811 1438 998 1480 latebris
1016 1439 1106 1480 suis
1125 1438 1394 1493 provolavit,
1415 1452 1470 1479 ne
1489 1444 1724 1493 tamquam

125 1523 334 1578 captivus
365 1535 392 1563 a
424 1520 642 1562 militibus
675 1520 782 1560 inde
815 1519 1169 1574 protraheretur.

184 1602 244 1645 A.
288 1603 322 1653 Ι,
365 1611 432 1656 55.
468 1601 713 1655 Postquam
748 1600 1117 1653 narravitvquam
1151 1599 1268 1640 bene
1302 1598 1496 1639 Arminii
1531 1599 1728 1640 consiliis

126 1682 375 1738 prodendis
418 1682 606 1722 meritus
649 1686 785 1721 antea
827 1693 964 1734 saepe
1002 1680 1059 1720 de
1104 1679 1275 1733 populo
1320 1679 1530 1721 Romano
1573 1679 1729 1721 fuisset

105 1761 355 1818 Segestes,
387 1763 451 1803 sic
484 1761 671 1803 Tacitus
704 1761 876 1815 pergit:

189 1843 440 1898 „Segestes,
483 1855 761 1896 quamquam
805 1854 1027 1882 consensu
1071 1840 1219 1894 gentis
1262 1840 1306 1880 in
1341 1839 1509 1881 bellum
1543 1845 1727 1890 tractus,

124 1924 296 1967 discors
329 1923 567 1977 manebat3
601 1923 746 1964 auctis
779 1922 991 1976 privatim
1026 1921 1155 1970 odiis,
1184 1921 1308 1974 quod
1337 1920 1572 1961 Arminius
1590 1920 1727 1961 filiam

126 2005 222 2047 eius
239 2004 313 2046 alii
331 2009 513 2059 pactam
532 2008 756 2058 rapuerat.
794 2001 936 2044 Gener
954 2002 1136 2050 invisus,
1155 2001 1325 2042 inimici
1338 2001 1499 2050 secem
1520 2014 1728 2054 quaeque

126 2085 249 2140 apud
293 2085 543 2127 concordes
585 2083 766 2124 vincula
807 2082 1021 2132 caritatis,
1056 2081 1353 2122 incitamenta
1385 2081 1572 2122 irrarum
1606 2081 1727 2135 apud

124 2164 326 2207 infensos
357 2163 530 2206 erant.'’

121 2253 126 2258 ”
190 2244 264 2288 Sic
307 2251 377 2287 est
413 2245 458 2286 in
491 2245 673 2286 codice:
707 2244 889 2292 inimici,
924 2243 1047 2296 quod
1080 2247 1265 2283 tuentur
1296 2241 1385 2287 alii.
1421 2242 1527 2282 dum
1561 2242 1732 2283 inimici

127 2326 269 2367 soceri
294 2331 372 2367 aut
398 2325 626 2380 genitivos
652 2323 890 2378 singularis
917 2328 995 2364 aut
1023 2322 1329 2363 nominativos
1354 2321 1537 2376 pluralis
1555 2322 1728 2363 numeri

129 2420 226 2448 esse
269 2411 488 2455 statuunt,
534 2404 840 2459 Nipperdeius
883 2403 1087 2444 inimicus
1129 2402 1323 2442 coniecit
1367 2407 1413 2442 et
1446 2401 1730 2442 confidenter

129 2486 282 2542 posuit
324 2487 369 2527 in
412 2490 556 2526 textu.
607 2483 697 2527 Sed
742 2484 836 2524 sive
877 2482 1000 2523 hunc
1037 2482 1281 2535 sequimur,
1315 2481 1410 2521 sive
1442 2480 1555 2530 illos,
1590 2481 1730 2522 haud-

131 2580 359 2622 quaquam
387 2565 695 2619 intelligimus,
727 2575 942 2617 quorsum
959 2561 1068 2602 illud
1088 2562 1314 2615 pertineat
1332 2561 1526 2601 eandem
1544 2561 1616 2601 hic
1635 2574 1730 2602 rem

128 2653 363 2701 tamquam
397 2646 586 2688 diversis
618 2658 642 2685 e
675 2643 786 2684 locis
819 2643 1119 2683 considerare.
1156 2641 1339 2682 Etenim
1373 2641 1450 2682 ubi
1478 2642 1536 2682 de
1562 2655 1731 2695 genero

128 2727 340 2782 legimus,
385 2727 524 2767 etiam
567 2739 670 2766 cum
715 2736 872 2764 socero
914 2721 986 2763 vel
1030 2735 1160 2763 socru
1204 2722 1298 2762 eius
1341 2735 1437 2762 rem
1470 2721 1601 2762 nobis
1634 2735 1731 2762 esse

129 2809 284 2850 statim
327 2806 639 2861 perspicimus,
683 2809 741 2852 et,
788 2803 864 2844 ubi
909 2816 1047 2856 gener
1091 2807 1159 2843 est
1202 2802 1386 2851 invisus,
1431 2815 1560 2842 socer
1603 2815 1732 2842 carus

130 2892 438 2942 acceptusque
479 2899 576 2927 esse
612 2884 782 2938 nequit.
834 2882 912 2924 Sin
947 2896 971 2923 e
1005 2887 1136 2923 textu
1169 2882 1393 2923 vocabula
1421 2881 1496 2923 illa
1525 2882 1732 2923 ‘eiicimus

132 2968 285 3010 omnia
332 2967 570 3022 perspicua
619 2965 732 3006 fiunt
781 2969 919 3017 atque
967 2968 1171 3004 venusta.
1242 2961 1487 3018 Quomodo
1534 2963 1732 3019 irrepere
