2040 3412
1107 297 1132 338 8

319 411 453 452 fuisse
489 410 699 453 Ostiensis
730 412 929 454 cohortis
948 413 1126 467 partes?
1155 415 1236 457 Illa
1263 422 1412 458 utrum
1441 431 1495 458 eo
1522 422 1731 472 tempore
1758 419 1916 463 Ostiae

319 491 452 533 fuerit
494 492 631 532 etiam
673 505 728 532 an
771 493 815 533 in
859 493 1010 557 aliquo
1053 495 1174 536 urbis
1216 495 1317 537 loco
1362 497 1433 538 vel
1477 511 1620 552 prope
1662 498 1820 541 urbem
1858 499 1917 542 sit

319 572 558 612 deversata
590 585 680 612 non
715 572 943 622 docemur,
978 587 1126 627 neque
1158 575 1216 616 ad
1250 575 1365 616 hanc
1399 576 1584 629 quidem
1612 578 1915 621 narrationem

319 651 660 706 intelligendam
693 653 943 706 quidquam
972 659 1126 695 nostra
1152 656 1265 695 scire
1293 656 1494 697 interest.
1524 657 1575 698 In
1603 657 1766 700 castris
1779 665 1916 714 prae·

319 732 449 772 torz‘z's
490 732 694 772 oriuntur
736 732 895 773 turbae
938 733 1064 783 istae,
1108 748 1134 775 a
1175 735 1338 777 castris
1366 736 1628 790 praetoriis,
1663 750 1780 791 quae
1811 743 1916 780 sunt

319 811 382 852 ad
421 811 584 860 urbem,
629 811 850 852 Palatium
893 818 1055 866 petunt
1081 815 1379 868 praetoriani.
1413 815 1475 856 Et
1507 829 1563 856 ne
1596 816 1696 870 quis
1729 817 1916 860 miretur

319 890 405 931 hoc
434 891 532 931 illos
559 892 754 945 spatium
781 892 902 945 equis
927 906 1147 943 emensos,
1166 894 1386 948 inspiciat
1412 895 1559 936 Taciti
1576 909 1614 936 c.
1631 906 1692 948 40
1711 896 1914 940 eiusdem

319 970 432 1019 libri,
468 971 543 1011 ubi
577 971 634 1012 de
667 973 964 1025 praetorianis
998 973 1108 1015 haec
1143 980 1400 1015 narrantur:

379 1049 551 1092 Othoni
579 1051 739 1091 armari
768 1050 948 1105 plebem
977 1053 1282 1094 nuntiabatur.
1312 1054 1382 1095 Ire
1410 1055 1682 1109 praecipites
1709 1060 1756 1097 et
1782 1068 1916 1115 occu-

320 1143 427 1184 pare
454 1130 651 1183 pericula
679 1130 816 1171 iubet.
848 1131 989 1185 Igitur
1018 1132 1182 1174 milites
1211 1133 1419 1183 Romani,
1449 1135 1576 1188 quasi
1605 1134 1915 1190 Vologaesum

318 1214 395 1249 aut
440 1209 657 1249 Pacorum
690 1211 813 1251 avito
846 1211 1168 1253 Arsacidarum
1201 1213 1315 1266 solio
1349 1213 1592 1268 depulsuri,
1624 1228 1678 1256 ac
1709 1229 1801 1257 non
1833 1215 1915 1258 im-

320 1295 575 1343 peratorem
591 1302 721 1330 suum
739 1291 958 1332 inermem
977 1297 1023 1332 et
1039 1306 1195 1333 senem
1212 1293 1436 1334 trucidare
1454 1300 1711 1349 pergerent,
1725 1294 1923 1350 disiectat

319 1370 465 1424 plebe,
514 1370 777 1423 proculcato
825 1376 984 1411 senatu
1027 1376 1176 1412 truces
1221 1372 1368 1421 armis,
1411 1372 1556 1426 rapidi
1599 1373 1726 1427 equis
1767 1372 1915 1416 forum

320 1451 584 1504 inrumpunt
605 1449 648 1504 ¹).

379 1529 444 1570 At
488 1529 751 1571 Plutarchus
798 1527 921 1571 Ostia
963 1530 1291 1572 tumultuantes
1334 1531 1433 1572 illos
1475 1531 1712 1574 advolasse
1750 1531 1916 1575 milites

318 1610 470 1659 tradit,
519 1610 595 1664 qui
644 1623 767 1651 error
813 1615 1095 1664 quantopere
1143 1616 1289 1652 totam
1331 1611 1566 1666 perturbet
1610 1611 1915 1655 narrationem

319 1690 466 1744 quivis
508 1690 730 1730 coniicere
769 1694 933 1743 potest.
969 1690 1034 1730 At
1067 1691 1299 1744 quomodo
1333 1697 1464 1732 natus
1496 1691 1570 1733 ille
1603 1690 1700 1733 est?
1733 1690 1916 1734 Scilicet

319 1770 440 1823 apud
470 1769 680 1810 Tacitum
707 1768 861 1822 legens
889 1769 1039 1811 urbem
1067 1784 1118 1811 ac
1143 1770 1375 1812 Palatium
1395 1779 1555 1826 petunt
1579 1785 1671 1813 non
1691 1771 1917 1814 intellexit

321 1846 584 1890 Plutarchus
627 1848 713 1889 hoc
756 1849 905 1889 dicere
949 1854 1181 1890 auctorem
1224 1863 1377 1892 suum:
1425 1851 1711 1903 „interiorem
1753 1856 1918 1906 petunt

318 1927 441 1969 urbis
472 1934 648 1982 partem
676 1933 813 1982 atque
843 1942 943 1969 eam
970 1928 1046 1969 ubi
1077 1929 1297 1970 Palatium
1325 1930 1422 1971 est”
1451 1936 1496 1972 et
1523 1931 1587 1972 sic
1615 1944 1669 1972 ea
1695 1930 1918 1973 vocabula

320 2009 456 2048 vertit
489 2007 682 2049 Graece:
717 2006 890 2056 ἤλαυνον
924 2008 979 2054 εἰς
1013 2009 1087 2054 τὴν
1120 2008 1280 2059 Ῥώμην
1313 2015 1451 2064 atque
1479 2008 1736 2066 Crispinum
1769 2009 1918 2054 Ostiae

320 2086 526 2128 vehicula
558 2088 694 2128 armis
727 2093 992 2129 onerantem
1026 2088 1134 2129 facit
1155 2087 1202 2143 ²).
1243 2097 1246 2100 ’

379 2166 607 2221 Paulisper
648 2181 719 2208 me
762 2168 807 2208 in
850 2167 936 2209 hoc
979 2168 1079 2210 loco
1122 2169 1364 2210 subsistere
1407 2168 1522 2211 velle
1561 2169 1793 2212 dicebam:
1826 2169 1912 2225 ipsi

318 2246 427 2287 mihi
476 2247 583 2300 quid
633 2248 677 2288 in
726 2261 781 2289 eo
829 2229 1023 2302 legendo
1065 2249 1396 2303 tractandoque
1436 2249 1652 2291 acciderit
1694 2249 1911 2302 narrab03

318 2325 537 2367 eiusmodi
580 2327 701 2368 enim
744 2326 852 2369 illud
896 2333 963 2369 est
997 2334 1046 2369 ut
1078 2328 1464 2370 Woelfflinianum
1496 2329 1732 2371 inventum
1763 2341 1913 2371 corro-

318 2405 471 2455 boret;
530 2412 651 2448 certe
706 2420 796 2448 non
849 2408 1084 2461 indignum
1128 2408 1307 2450 videtur
1348 2408 1471 2462 quod
1513 2421 1617 2450 cum
1658 2407 1912 2463 legentibus

318 2486 662 2527 communicem.
698 2487 908 2528 Fortasse
943 2501 999 2529 ne
1027 2488 1111 2542 ipsi
1145 2488 1331 2542 quidem
1364 2486 1654 2538 Woelfflinio,
1683 2493 1913 2543 praestan-

317 2565 490 2607 tissimo
524 2566 632 2616 viro,
668 2568 852 2621 cognitu
886 2569 1112 2622 ingratum
1145 2568 1242 2609 erit.

369 2745 402 2788 1)
429 2745 482 2777 Cf.
510 2746 602 2778 Suet.
630 2746 744 2779 Galba
773 2756 830 2789 19:
860 2748 996 2790 equites
1022 2748 1150 2790 quibus
1175 2748 1338 2780 mandata
1363 2748 1486 2780 caedes
1511 2755 1595 2781 erat.

365 2802 402 2846 2)
428 2803 612 2835 Suetonius
633 2804 676 2836 O.
698 2803 718 2836 8
740 2805 930 2837 rectissime
954 2806 991 2837 in
1013 2806 1210 2839 narratione
1231 2806 1274 2838 de
1290 2806 1358 2838 hoc
1371 2806 1520 2838 tumultu
1534 2806 1750 2839 Ostiensium
1762 2805 1912 2839 militum

316 2861 530 2892 mentionem
555 2861 637 2893 facit
662 2862 803 2894 nullam.
830 2864 884 2895 De
911 2863 1059 2895 consilio
1084 2874 1178 2895 arma
1202 2864 1262 2895 illa
1287 2874 1306 2896 e
1328 2864 1501 2906 praetorio
1523 2864 1667 2906 petendi
1687 2874 1776 2906 quae
1795 2867 1910 2897 namt

318 2918 422 2959 paulo
456 2923 536 2949 sunt
569 2919 787 2962 obscuriora3
823 2921 883 2952 sed
916 2932 980 2952 cur
1013 2931 1031 2953 e
1066 2921 1239 2963 praetorio
1273 2921 1343 2953 sint
1374 2921 1484 2963 petita
1516 2931 1608 2954 nunc
1641 2931 1713 2954 non
1740 2930 1910 2965 curamus,

317 2974 503 3007 dummodo
530 2975 610 3007 inde
634 2977 744 3018 petita
769 2982 915 3009 constet.
