2040 3412
891 278 976 322 239

77 438 93 452 .
194 387 423 442 „Longius
455 387 544 428 iam
577 400 841 441 progressus
873 392 983 436 erat,
1018 400 1155 441 quarn
1189 392 1238 428 ut
1271 386 1448 440 regredi
1483 391 1637 441 posset
1648 404 1658 436 ;
1688 391 1735 427 et

81 480 97 527 ,ξ
127 481 212 513 suo
239 467 435 529 ‘quisque
463 471 602 516 metu,
631 480 687 507 ne
715 466 929 508 disiectos
956 480 1102 520 eoque
1131 466 1278 508 minus
1306 466 1482 508 validos
1501 465 1736 508 Vitelliani

72 596 86 611 ²
128 552 514 597 consectarentur,
556 551 849 588 cunctantem
892 547 937 588 in
979 560 1105 588 arma
1138 546 1449 601 impellebant.
1483 545 1574 588 Sed
1609 547 1733 601 quod

128 629 175 673 in
207 624 430 670 eiusmodi
462 626 597 668 rebus
630 626 810 676 accidit,
844 626 1081 668 consilium
1113 627 1172 668 ab
1203 627 1414 669 omnibus
1449 627 1606 668 datum
1640 632 1733 677 est,

75 708 379 774 3bt‘periculurn
418 708 551 763 pauci
583 721 831 762 sumpsere.
866 707 996 749 Circa
1028 707 1177 748 lacum
1211 707 1422 748 Fundani
1456 707 1736 748 descenden-

126 789 262 840 tibus,
307 788 384 844 qui
418 787 637 831 Sabinum
671 787 1022 837 comitabantur,
1054 787 1240 829 armatis
1273 793 1515 829 occurrunt
1549 801 1735 842 promp-

67 852 288 929 mitissimi
320 867 715 911 Vitellianorum.’'
903 913 905 915 ,
1302 923 1305 925 Β
1636 849 1638 851 ,

81 932 90 943 ³
188 950 316 993 Ferri
359 949 478 991 istud
521 948 716 991 armatis
758 949 929 1003 nequit.
975 948 1095 990 Tota
1136 948 1194 989 de
1234 947 1395 991 Flavio
1429 946 1600 990 Sabino
1635 960 1734 989 nar·

116 1031 302 1078 -tatione
344 1031 390 1072 in
433 1029 518 1071 hac
558 1043 604 1071 re
637 1030 845 1084 quaestio
880 1034 1096 1079 versatur,
1130 1034 1280 1070 utrum
1314 1042 1439 1070 arma
1471 1029 1529 1070 ab
1562 1042 1617 1070 eo
1651 1042 1734 1083 pro

59 1139 75 1153 -.·
124 1110 274 1157 fratris
305 1110 497 1166 imperio
525 1115 762 1152 sumantur
787 1124 845 1151 an
873 1123 963 1151 non
991 1115 1239 1159 sumantur,
1269 1115 1314 1151 et
1344 1123 1402 1150 ex
1431 1109 1539 1164 ipsis
1567 1109 1731 1159 verbis,

55 1184 86 1251 f³⁵
125 1205 244 1248 quae
277 1192 530 1242 citavimus,
563 1191 622 1233 ab
656 1191 708 1232 iis
740 1196 876 1240 certe,
911 1191 987 1245 qui
1016 1191 1258 1232 discrimen
1288 1204 1379 1231 non
1408 1190 1732 1240 detrectarent,

125 1285 252 1315 arma
289 1277 473 1327 sumpta
505 1272 817 1327 cognovimus.
854 1271 958 1313 Non
991 1271 1126 1325 igitur
1158 1284 1240 1312 nos
1274 1271 1435 1312 iterum
1469 1271 1620 1312 doceri
1657 1284 1735 1325 pa-

56 1370 71 1415 2
105 1332 264 1401 *timur
304 1360 507 1399 armatos
547 1352 696 1402 fuisse,
740 1353 817 1406 qui
852 1351 1072 1394 Sabinum
1105 1352 1456 1393 comitabantur.
1493 1351 1632 1393 Ferre
1666 1357 1738 1393 ut-

55 1423 67 1438 ²
127 1446 308 1489 cunque
355 1432 688 1475 nominativum
736 1433 911 1474 armati
956 1445 1213 1486 possemuS,
1263 1419 1346 1472 nis’i
1395 1431 1519 1473 illam
1568 1446 1730 1474 vocem

127 1513 405 1556 adiectivum
431 1513 772 1568 -promptissimi
811 1512 946 1567 plane
989 1512 1204 1553 redderet
1247 1525 1590 1566 supervacuam.
1641 1512 1732 1554 Sed

70 1636 72 1639 ,
127 1593 412 1641 confidenter
453 1593 574 1634 istud
616 1593 811 1635 armatis
852 1592 1112 1642 abiicimus;
1157 1592 1346 1632 omnino
1390 1592 1525 1642 enim,
1560 1597 1609 1633 ut
1643 1592 1732 1633 iam

72 1680 75 1684 ’
127 1675 352 1725 dicebam,
385 1674 471 1716 hae
500 1674 693 1729 paginae
720 1674 792 1714 isti
821 1660 1071 1728 annotandi
1100 1672 1252 1713 studio
1279 1671 1507 1713 obnoxiae
1537 1671 1732 1713 fuerunt.

126 1743 339 1810 Denique
370 1754 482 1796 haec
516 1767 700 1808 quoque
731 1753 911 1794 accedit
938 1766 1074 1794 causa
1103 1752 1288 1793 minime
1316 1752 1442 1802 levis,
1471 1740 1609 1807 quod,
1638 1753 1733 1794 sive

54 1834 59 1835 ’
125 1834 340 1877 adiectivi
383 1835 479 1876 sive
512 1834 786 1876 substantivi
818 1834 966 1874 vicem
999 1832 1188 1887 implere
1223 1846 1384 1874 vocem
1417 1833 1613 1875 armatis
1644 1838 1734 1874 sta-

127 1921 321 1967 tuamus,
355 1921 504 1958 totum
538 1915 648 1958 illud
675 1914 1024 1957 descendentibus
1049 1915 1127 1968 qui
1152 1913 1365 1956 Sabinum
1393 1914 1732 1964 comitabantur,

126 1997 322 2039 armatis
353 1996 643 2038 durissimum
676 2001 722 2037 et
756 1995 833 2037 vix
865 1995 1058 2036 latinum
1091 1995 1286 2036 videtur.

55 2136 59 2143 ι
189 2076 248 2118 Η.
282 2076 365 2126 IV,
405 2087 470 2118 12.
515 2076 762 2130 Postquam
796 2081 1028 2117 narratum
1062 2080 1131 2116 est
1164 2074 1324 2115 Batavi
1358 2074 1478 2115 unde
1513 2074 1734 2125 venerint,

55 2174 67 2210 ᾗ,
127 2170 207 2199 cur
239 2157 434 2212 patriam
468 2156 748 2211 reliquerint,
781 2170 873 2210 quo
906 2155 1009 2197 loco
1041 2155 1346 2205 consederint,
1379 2155 1442 2195 sic
1476 2155 1703 2209 pergitur:

191 2237 316 2291 „Nec
364 2237 529 2292 opibus
579 2237 798 2279 Romanis
845 2236 1065 2278 Societate
1109 2235 1380 2277 validiorum
1427 2235 1570 2276 attriti
1614 2235 1735 2276 viros

125 2322 305 2360 tantum
337 2331 553 2372 armaque
587 2317 780 2371 imperio
814 2316 1146 2365 ministrabant,
1180 2315 1256 2356 diu
1291 2314 1572 2356 Germanicis
1604 2314 1734 2356 bellis

127 2399 328 2449 exerciti,
374 2412 483 2440 mox
524 2404 660 2440 aucta
684 2412 782 2453 per
815 2397 1097 2439 Britanniam
1131 2397 1289 2452 gloria,
1323 2397 1596 2438 transmissis
1629 2396 1734 2438 illuc

127 2479 391 2528 cohortibus
433 2493 545 2534 quas
588 2484 741 2520 vetere
785 2478 993 2531 instituto
1039 2477 1304 2518 nobilissimi
1347 2477 1633 2532 popularium
1668 2491 1734 2519 re-

127 2559 342 2615 gebant.”

189 2640 278 2682 Hic
319 2645 442 2682 recte
485 2653 588 2682 cum
623 2639 831 2681 Wurmio
865 2638 1184 2680 ministrabant
1215 2651 1297 2692 pro
1332 2638 1594 2681 ministrant
1623 2638 1732 2693 legi-

127 2725 222 2766 tur:
267 2726 501 2762 enarratur
543 2720 665 2761 enim
698 2720 923 2769 condicio,
958 2732 1049 2773 qua
1081 2723 1188 2759 ante
1222 2718 1391 2763 bellum
1424 2718 1590 2760 fuerint
1623 2718 1734 2761 Ger·

42 2859 43 2862 Ἴ
128 2801 263 2843 mani.
306 2800 469 2843 Cetera
511 2801 556 2842 in
600 2801 827 2855 integrum
861 2799 1066 2840 nondum
1100 2798 1308 2839 restituta
1340 2798 1565 2840 videntur.
1612 2799 1731 2840 Nam

127 2894 275 2936 neque
317 2881 558 2936 quisquam
601 2894 718 2935 quae
751 2881 867 2922 ratio
899 2878 1155 2921 intercedat
1189 2878 1305 2919 inter
1337 2879 1488 2934 opibus
1517 2880 1732 2921 Romanis

56 2995 58 2998 ,
85 2999 105 3011 ,
127 2966 174 3004 et
204 2962 405 3004 societate
435 2961 708 3004 validiorum
741 2961 881 3011 videt,
916 2973 1064 3014 neque
1097 2959 1331 3018 quomodo
1365 2960 1551 3001 omnino
1580 2960 1731 3016 opibus
