2040 3412
837 270 918 325 169

73 396 300 435 recreatur
336 404 484 445 aeger,
521 389 664 432 multo
697 375 863 432 lentius
897 390 1004 432 illud
1040 390 1090 432 fit
1123 390 1439 444 difficiliusque
1473 402 1610 443 quam
1644 388 1680 429 si

12 472 249 528 „optima
291 484 500 526 quaeque
544 471 602 512 de
640 484 798 512 eorum
830 476 927 512 arte
959 476 1125 525 sperat.
1159 470 1251 513 Sed
1283 471 1353 512 vis
1387 469 1532 511 morbi
1565 469 1681 510 tristi

17 537 36 600 f
74 550 150 595 illa
183 551 400 606 opinione
433 564 525 592 non
558 556 763 605 augetur,
798 565 902 592 nam
936 550 1079 592 sicubi
1113 550 1186 592 illa
1219 564 1311 592 vox
1343 551 1521 605 legitur,
1555 562 1682 604 prae-

27 660 41 688 3
75 631 230 675 sertim
263 631 424 673 addito
455 630 684 672 adiectivo
711 645 858 680 saeva,
888 632 944 672 de
965 631 1119 685 primo
1149 630 1294 672 morbi
1323 631 1485 685 impetu
1515 629 1684 683 cogita-

77 725 190 756 mus.
239 707 478 754 Praeterea
527 711 650 766 prius
692 711 885 753 edocere
927 711 1131 765 legentes
1173 724 1358 752 saevam
1400 711 1491 751 vim
1537 709 1691 751 morbi>

77 792 226 844 fuisse,
267 798 366 835 tum
408 793 577 834 addere
621 793 731 847 quid
777 806 878 834 eam
915 794 1092 834 auxerit
1126 793 1278 843 etiam,
1313 797 1514 847 praestat
1546 805 1683 846 quam

14 865 192 938 isduas
232 873 368 916 hasce
410 887 482 915 res
515 873 559 914 in
579 887 729 915 unam
763 873 1032 915 contrahere
1064 873 1400 915 sententiolam.
1436 873 1540 914 Non
1574 885 1683 926 ergo

77 954 176 996 sine
208 967 343 996 causa
373 954 570 1008 suspicio
604 953 714 995 mihi
746 959 854 995 nata
886 959 955 996 est
985 954 1215 1008 scripsisse
1249 953 1482 996 Tacitum:
1524 966 1685 1005 ,saeva

78 1035 147 1077 vis
188 1034 335 1076 morbi
377 1033 575 1088 augebat
617 1034 957 1088 persuasionem
1000 1034 1164 1075 veneni
1197 1048 1224 1075 a
1259 1034 1420 1075 Pisone
1464 1032 1685 1087 accepti.”

13 1148 27 1151 a
81 1115 184 1158 Hoc
226 1114 370 1156 multo
413 1114 573 1157 melius
615 1128 719 1156 cum
757 1114 1138 1169 praecedentibus
1171 1114 1393 1155 concinit:
1429 1114 1518 1154 iarn
1551 1118 1687 1154 antea

22 1247 52 1257 Δ.
81 1209 308 1239 venenum
341 1194 427 1236 sibi
460 1209 486 1237 a
520 1195 682 1237 Pisone
716 1196 874 1236 datum
907 1201 953 1237 et
982 1195 1078 1249 ipse
1106 1195 1363 1237 crediderat
1392 1194 1689 1236 Germanicus

20 1287 47 1331 ζ’
70 1276 128 1319 'et
169 1276 326 1318 amicis
362 1276 563 1326 dixerat3
598 1281 696 1317 tum
730 1290 838 1317 vero
871 1276 969 1330 ipsa
1000 1276 1147 1317 morbi
1182 1290 1235 1317 ea
1269 1281 1365 1317 erat
1398 1275 1689 1316 vehementia
1739 1286 1743 1288 ·

15 1357 19 1407 j
81 1361 131 1398 ut
173 1356 330 1411 opinio
374 1357 472 1406 ista,
517 1370 633 1410 quae
678 1355 813 1410 paulo
856 1362 1005 1405 antea,
1040 1361 1244 1397 recreato
1278 1356 1367 1397 iam
1402 1355 1689 1404 Germanico,

23 1445 26 1490 ζ
81 1437 127 1479 in
169 1437 426 1492 praesentia
468 1436 745 1491 elanguerat,
789 1450 908 1478 nova
943 1437 985 1478 vi
1020 1442 1286 1490 resurgeret.
1322 1436 1382 1477 Et
1415 1436 1519 1477 vide
1552 1449 1689 1489 quam

11 1512 34 1565 ξ
83 1517 265 1572 egregie
298 1531 417 1559 nunc
444 1517 682 1571 sequentia
710 1522 1024 1568 annectantur,
1054 1531 1186 1571 quae,
1214 1518 1249 1558 si
1277 1517 1445 1558 tradita
1473 1517 1692 1558 retinetur

86 1597 239 1648 lectio,
267 1597 344 1639 vix
371 1598 622 1652 quidquam
652 1611 743 1652 quo
771 1597 1021 1639 referantur
1046 1597 1240 1639 habent:
1266 1603 1336 1651 „et
1354 1597 1699 1652 reperiebantur

17 1700 23 1724 2
88 1679 186 1722 solo
232 1693 285 1721 ac
333 1680 582 1735 parietibus
630 1685 784 1721 erutae
834 1678 1134 1724 humanorum
1179 1692 1421 1734 corporum
1464 1678 1695 1732 reliquiae,

13 1753 52 1801 ’Ῐ
89 1761 290 1814 carmina
332 1767 378 1802 et
421 1761 691 1802 devotiones
734 1774 772 1801 e.
797 1774 841 1814 q.
864 1760 930 1801 s.''
962 1761 989 1801 i.
1009 1774 1047 1801 e.
1082 1761 1262 1814 iamque
1295 1760 1412 1801 adeo
1446 1758 1697 1799 invaluerat

27 1886 31 1890 ,
87 1840 162 1883 illa
204 1842 436 1896 persuasio
480 1847 528 1882 ut
572 1846 696 1882 certa
732 1841 913 1882 sceleris
946 1841 1322 1894 conquirerentur
1357 1839 1535 1888 indicia,
1571 1852 1696 1879 mox-

24 1933 31 1954 ²
89 1935 178 1977 que
211 1936 371 1964 revera
403 1922 590 1963 inventa
623 1935 676 1963 ea
708 1927 826 1962 sunt.

151 2081 233 2123 ΙΙΙ.
266 2082 338 2137 67.
373 2080 551 2123 Silanus
583 2082 941 2136 repetundarum
974 2095 1032 2122 ex
1060 2081 1172 2122 Asia
1200 2085 1459 2129 accusatur;
1490 2079 1597 2132 quin
1623 2092 1697 2119 ve-

29 2172 38 2180 ”
93 2175 193 2204 rum
226 2161 334 2203 illud
369 2161 503 2203 fuerit
535 2162 706 2203 crimen
740 2162 926 2203 Tacitus
959 2175 1049 2202 non
1080 2161 1279 2202 dubitat:
1309 2160 1438 2200 addit
1465 2159 1708 2211 saevitiam¹

95 2233 278 2297 quoque
310 2243 405 2283 eius
439 2243 482 2283 in
516 2256 571 2284 eo
604 2242 772 2284 iudicio
805 2242 1018 2296 patuisse.
1054 2241 1114 2282 Et
1147 2246 1302 2281 tamen
1330 2240 1409 2280 dat
1437 2252 1624 2293 operam
1650 2243 1700 2279 ut

16 2352 43 2382 Q,
95 2323 300 2378 legentes
342 2324 405 2365 rei
449 2323 660 2365 misereat
703 2337 952 2377 eorumque
995 2323 1039 2363 in
1083 2322 1315 2363 Tiberium
1351 2322 1415 2362 ira
1449 2325 1699 2370 moveatur,

33 2410 42 2412 ”
96 2408 142 2445 et
173 2403 261 2445 alia
292 2417 655 2445 commemorans
689 2409 735 2444 et
767 2403 905 2444 haee:

160 2497 276 2536 „non
318 2488 605 2537 temperante
649 2483 849 2533 Tiberio,
886 2484 1003 2537 ¹quin
1047 2487 1274 2537 premeret
1311 2495 1423 2522 voce
1456 2480 1597 2530 vultu,
1631 2495 1710 2548 (ἑο,ι
1762 2481 1764 2483 ’

35 2572 37 2574 ’
101 2564 224 2618 quod
267 2564 364 2619 ipse
408 2564 679 2605 creberrime
723 2563 1046 2618 interrogabat,
1086 2576 1234 2616 neque
1267 2561 1468 2603 refellere
1502 2566 1578 2602 aut
1612 2560 1702 2602 elu-

35 2646 40 2682 ξ
97 2644 204 2686 dere
247 2645 455 2695 dabatur,
499 2658 550 2685 ac
592 2658 729 2698 saepe
773 2645 911 2685 etiarn
956 2643 1266 2684 confitendum
1305 2647 1415 2692 erat,
1450 2655 1505 2683 ne
1539 2641 1701 2682 frustra

97 2724 437 2779 quaesivisset.”

30 2864 33 2866 -
160 2803 342 2859 Quanta
385 2804 517 2846 fuerit
560 2805 708 2846 Taciti
752 2805 796 2845 in
840 2804 1074 2845 Tiberium
1117 2804 1331 2857 iniquitas
1374 2802 1445 2844 vel
1483 2815 1598 2843 unus
1631 2801 1703 2842 hic

26 2871 38 2944 ζ
101 2884 227 2926 locus
258 2885 366 2926 satis
398 2898 623 2939 superque
658 2884 872 2926 declarat.
907 2884 1025 2924 Nam
1061 2884 1192 2925 fuerit
1224 2883 1434 2924 Tiberius
1467 2882 1539 2923 hic
1568 2881 1703 2936 paulo

42 2955 44 2958 ’
103 2965 301 3006 severior
329 2978 464 3018 quam
493 2978 607 3018 opus
625 2970 735 3014 erat,
754 2969 801 3005 at
819 2977 889 3004 res
906 2964 945 3004 ei
965 2969 1061 3004 erat
1079 2977 1180 3005 cum
1200 2963 1460 3018 provinciae
1479 2962 1704 3012 carnifice,
