2040 3412
894 273 939 302 11

76 376 384 430 utffltatem?
426 383 585 438 Atque
628 382 715 424 hoc
758 382 948 437 pridem,
995 382 1192 446 necdum
1235 382 1419 436 cognita
1453 381 1718 424 Woelfflinii

61 443 436 521 ffisputatmne,
465 477 492 505 a
518 476 591 504 me
619 462 856 504 inventum
879 462 986 504 licet
1004 463 1136 518 pauci
1154 462 1312 513 sciant,
1330 468 1377 504 at
1395 462 1518 504 fideli
1535 467 1718 504 servant

63 523 344 607 memona
379 543 493 586 Mihi
525 557 635 585 vero
668 557 760 585 non
794 543 1085 585 mediocriter
1117 543 1223 584 inde
1251 543 1412 585 crescit
1441 543 1624 593 fiducia;
1655 543 1718 584 sic

73 616 235 688 mm
279 625 466 667 credere
513 625 683 679 incipio
731 637 823 665 non
867 623 1002 679 plane
1047 623 1210 682 frustra
1252 637 1324 665 me
1367 624 1567 678 antiquis
1610 624 1718 665 dare

62 699 299 768 'operam
330 705 640 760 scriptoribus

170 785 250 829 Ad
306 785 518 827 Tacitum
573 785 698 839 quod
747 784 960 839 pertinet,
1008 784 1205 826 iucunda
1253 783 1328 825 illa
1377 790 1422 825 et
1469 784 1720 826 honorifica

66 862 404 916 ζ’ἂυνέμπτωσις
447 878 520 906 me
562 864 744 919 impulit
785 870 834 905 ut
877 864 1199 918 investigarem
1238 870 1449 906 essentne
1482 871 1719 920 praeterea

66 937 159 991 {n
198 945 590 989 lucubrationibus
623 945 735 986 meis
767 945 967 986 Taciteis
999 944 1217 986 nonnulla
1248 959 1365 999 quae
1397 946 1488 988 iam
1520 925 1639 987 nunc
1673 947 1718 988 in

63 1009 266 1090 {sinedio
307 1026 610 1082 proponenda
651 1025 935 1075 viderentur;
970 1025 1109 1079 idque
1141 1030 1238 1066 tum
1272 1026 1539 1080 praesertim
1572 1026 1719 1068 facere

47 1110 95 1155 ,ς
112 1109 309 1158 decrevi,
351 1108 388 1150 si
426 1107 654 1162 quaedam
685 1106 749 1147 ibi
781 1105 1035 1168 invenirem
1068 1119 1186 1160 quae
1218 1111 1296 1147 aut
1330 1106 1719 1148 Woelfflinianum

35 1172 91 1235 :l
111 1188 350 1233 inventum
391 1186 714 1230 confirmarent
756 1173 835 1227 aut
877 1185 1151 1227 illustrarent
1184 1191 1263 1227 aut
1295 1186 1493 1241 denique
1526 1200 1630 1228 cum
1663 1201 1719 1228 eo

56 1260 63 1302 ἶ
94 1269 267 1325 ‘aliquo
298 1268 438 1310 modo
470 1266 782 1309 cohaererent.
818 1266 915 1307 Nec
949 1258 1026 1307 diu
1059 1266 1285 1319 quaesivi:
1322 1280 1431 1307 mox
1458 1267 1579 1308 enim
1607 1281 1718 1309 non-

39 1349 75 1390 ’ζ’-ἶ
113 1348 237 1392 nulla
283 1360 601 1402 excerpseram
645 1359 762 1400 quae
805 1346 1028 1387 eiusmodi
1071 1346 1347 1395 viderentur,
1390 1351 1529 1400 atque
1571 1371 1630 1377 —
1672 1348 1719 1388 id

113 1430 238 1486 quod
271 1428 415 1485 pluris
447 1429 586 1470 etiam
619 1428 729 1469 mihi
763 1411 949 1475 erati—,—
981 1427 1045 1468 ita
1077 1432 1264 1481 possent
1296 1428 1512 1482 componi
1545 1434 1593 1469 ut
1628 1442 1718 1470 non

38 1498 77 1572 J.
106 1509 301 1566 *quidem
343 1508 603 1551 absolutum
645 1509 860 1549 existeret
904 1521 1019 1562 opus
1051 1532 1109 1537 —
1141 1507 1251 1548 illud
1293 1513 1446 1549 autem
1490 1509 1590 1562 quis
1634 1508 1718 1550 hac

28 1573 82 1645 ss
104 1595 270 1636 ,aetate
297 1591 439 1646 possit
466 1587 674 1645 sperare?
691 1613 750 1619 ——
767 1589 847 1629 sed
875 1593 1030 1629 tamen
1057 1587 1229 1642 aliquid
1249 1588 1388 1642 quod,
1407 1587 1723 1643 qualecunque

27 1682 63 1707 ἐ
110 1676 251 1721 esset,
292 1670 339 1712 in
380 1683 429 1712 se
471 1675 590 1712 esset
627 1674 748 1710 teres
780 1651 921 1723 atque*
950 1667 1212 1709 rotundum.
1247 1667 1493 1722 Quomodo
1527 1669 1636 1710 mihi
1671 1683 1724 1711 ea

26 1753 61 1787 ῗ’
90 1733 189 1795 ⁴*res
219 1740 406 1794 cesserit
439 1750 612 1805 peritus
643 1755 781 1803 atque
815 1762 988 1803 aequus
1026 1749 1180 1791 videat
1213 1761 1387 1790 censor.
