2040 3412
70 310 95 316 μ
168 320 169 323 ¹
926 266 1000 307 181

63 340 84 364 9
764 351 766 354 y

67 377 98 382 ”
163 381 474 424 Credamusne
503 396 702 436 unquam
731 383 940 426 Tacitum
970 386 1013 426 in
1043 387 1365 440 componendo
1383 386 1764 440 disponendoque

158 467 256 504 tam
283 461 418 504 fuisse
447 462 518 504 vel
549 462 857 517 negligentem
877 465 949 506 vel
968 465 1222 507 infelicem?
1246 466 1475 520 Equidem
1493 466 1764 508 crediderim

66 535 106 604 ᾗ»
158 542 310 598 potius
343 556 447 583 eum
479 542 609 584 alteri
641 543 922 586 adolescenti
955 545 1012 586 de
1045 559 1127 587 suo
1161 547 1406 588 adfinxisse
1439 560 1600 596 mores,
1637 547 1764 589 dum-

63 621 97 649 ’ἶ
158 622 298 664 modo
347 622 410 663 sic
459 623 797 665 nancisceretur
845 639 961 679 quae
1010 631 1133 667 recte
1182 626 1506 682 eleganterque
1556 628 1674 669 inter
1716 642 1764 669 se

158 708 513 767 opponerentur,
549 717 687 758 quam
721 704 766 745 in
800 705 919 746 hunc
953 706 1164 748 incidisse
1197 707 1389 748 vitiosae
1422 708 1640 749 orationis
1667 721 1764 749 sco-

157 782 328 839 pulum.
363 783 486 838 Ergo
511 784 691 845 tanturn
717 785 846 826 abest
873 792 921 827 ut
946 800 1049 828 cum
1077 787 1360 842 Nipperdeio
1368 789 1475 842 plus
1493 803 1574 843 pro
1591 789 1765 843 saepius

60 847 67 850 η
157 864 474 919 reponendum
508 878 732 915 censeam,
766 871 816 906 ut
848 867 1124 908 contrarium
1158 873 1438 922 exspectem.
1475 868 1579 910 Non
1607 874 1762 911 tamen

163 945 322 987 rarius
365 944 435 986 vel
476 945 698 1002 eiusmodi
739 945 909 1000 aliquid
944 961 1027 1001 pro
1060 949 1235 1002 saepius
1265 947 1510 1002 legendum
1544 949 1761 999 coniicio;

161 1012 333 1068 leniore
378 1026 604 1070 medicina
637 1020 813 1067 restitui
847 1041 979 1081 posse
1013 1029 1190 1082 opinor,
1225 1030 1348 1082 q'uod
1382 1029 1441 1070 ab
1474 1030 1598 1070 omni
1634 1035 1761 1084 parte

159 1106 462 1162 probandum,
496 1107 751 1161 Tacitoque
784 1108 1098 1162 dignissimum
1132 1109 1202 1150 sit.
1232 1109 1471 1151 Vocabula
1499 1111 1620 1151 enim
1638 1111 1762 1164 faci-

155 1186 283 1230 litate
325 1192 371 1228 et
413 1187 640 1230 industria
683 1189 839 1229 sedem
878 1189 996 1230 inter
1027 1203 1075 1230 se
1110 1195 1285 1231 mutare
1319 1190 1476 1231 iubeo:
1516 1191 1762 1243 „industria

50 1323 55 1327 =
155 1268 337 1323 saepius
365 1281 503 1322 quam
531 1267 748 1310 facilitate
777 1269 1231 1311 commendabatur.'’
1260 1270 1361 1311 Hoc
1390 1276 1459 1311 est
1488 1272 1611 1325 quod
1630 1272 1762 1312 unice

155 1347 200 1390 in
245 1347 366 1390 hunc
407 1348 558 1390 locum
602 1350 870 1391 conveniat:
915 1350 1029 1391 alter
1073 1350 1146 1391 ille
1191 1365 1282 1391 non
1317 1357 1413 1392 erat
1447 1351 1633 1405 quidem
1666 1357 1762 1393 tam

155 1427 389 1484 eleganter
416 1429 647 1479 educatus,
677 1444 768 1471 non
797 1436 892 1472 tam
923 1431 1057 1481 mitis,
1090 1431 1215 1481 lenis,
1246 1432 1444 1473 urbanus
1471 1438 1590 1482 erat;
1620 1433 1761 1474 immo

156 1522 264 1551 vero
281 1497 575 1564 simplicitate
592 1523 672 1552 sua
690 1510 870 1565 plebeia
888 1512 1140 1562 identidem
1155 1512 1377 1566 peccabat
1390 1512 1763 1567 offendebatque;

157 1590 237 1632 sed
265 1589 374 1632 illud
404 1575 563 1632 <litium
592 1591 827 1641 industria,
855 1606 992 1654 saep-e
1021 1593 1227 1647 probata,
1259 1593 1388 1634 facile
1417 1595 1759 1648 compensabat.

159 1670 292 1713 Nunc
324 1676 447 1713 recte
481 1672 635 1713 omnia
668 1672 890 1727 disposita
923 1678 968 1714 et
1001 1674 1120 1727 inter
1151 1687 1198 1715 se
1232 1675 1446 1728 opposita
1477 1681 1594 1716 sunt.
1631 1675 1760 1717 Prae-

35 1735 59 1762 '³
89 1786 123 1802 ξ,-
144 1746 281 1794 ‘terea
306 1765 425 1794 nunc
451 1753 649 1807 denique
665 1754 840 1807 saepius
857 1768 947 1795 non
966 1754 1112 1795 solum
1131 1754 1233 1795 ferri
1252 1760 1418 1809 potest,
1438 1756 1516 1796 sed
1537 1757 1759 1810 quidquid

49 1818 65 1827 μ’
156 1845 239 1888 pro
272 1845 327 1874 eo
360 1833 627 1888 reposueris,
662 1839 811 1875 totum
844 1833 996 1875 locum
1032 1835 1298 1888 corruperis.

215 1951 274 1994 A.
318 1952 398 2002 VI,
451 1953 514 1994 16.
565 1952 853 1994 Creditorum
895 1954 1111 1995 avaritiae
1156 1960 1201 1995 et
1233 1955 1490 1996 crudelitati
1525 1957 1758 2009 quomodo

156 2032 341 2074 obviam
374 2033 475 2074 ierit
508 2033 718 2074 Tiberius
751 2040 1023 2083 narraturus,
1059 2035 1122 2075 sic
1155 2034 1341 2076 Tacitus
1374 2035 1556 2090 incipit:

220 2112 366 2167 „Sane
396 2119 529 2163 yetus
562 2114 659 2155 urbi
694 2114 908 2156 faenebre
937 2114 1105 2156 malum
1135 2121 1180 2156 et
1208 2116 1484 2157 seditionum
1513 2117 1758 2158 discordia-

155 2206 345 2248 rumque
358 2171 646 2235 'creberrima
674 2208 822 2244 causa,
850 2208 997 2249 eoque
1026 2195 1326 2237 cohibebatur
1353 2197 1551 2250 antiquis
1574 2211 1758 2251 quoque

157 2279 203 2315 et
237 2274 384 2315 minus
417 2275 641 2329 corruptis
675 2275 919 2316 moribus.”

218 2354 282 2398 Ut
324 2354 487 2410 aliquis
531 2355 599 2397 his
640 2356 747 2397 insit
788 2370 956 2406 sensus
1002 2357 1293 2406 cohibebatur,
1339 2358 1383 2398 id
1430 2359 1553 2412 quod
1599 2364 1758 2401 vetant

154 2436 375 2478 sermonis
417 2436 551 2491 leges,
598 2437 661 2478 ita
693 2443 762 2478 est
794 2438 1112 2491 accipiendum
1147 2443 1194 2479 ut
1229 2452 1310 2492 pro
1344 2439 1624 2481 cohibendum
1657 2449 1760 2482 erat

152 2517 211 2558 sit
252 2517 465 2582 positum,
509 2523 554 2559 et
598 2532 653 2559 ne
697 2519 760 2559 sic
802 2518 988 2572 quidem
1031 2519 1258 2560 sententia
1296 2520 1493 2560 nascitur
1525 2519 1758 2574 eleganter

156 2598 414 2652 diserteque
462 2598 710 2640 enuntiata.
773 2598 903 2639 Hanc
953 2598 1155 2648 habebis,
1205 2599 1240 2639 si
1290 2613 1371 2653 pro
1419 2615 1547 2654 eoque
1594 2601 1756 2655 legeris

153 2678 466 2736 aegreque,vel
494 2678 614 2720 aliud
644 2679 912 2720 adverbium
942 2679 986 2719 in
1016 2679 1209 2720 eandem
1237 2680 1534 2722 sententiam:
1556 2682 1757 2723 moribus

153 2773 337 2814 quoque
378 2760 576 2813 antiquis
610 2760 799 2819 arduum
836 2765 932 2800 erat
966 2760 1199 2813 negotium
1234 2759 1431 2801 foenoris
1463 2761 1755 2804 incommoda

156 2853 379 2890 coercere,
413 2846 507 2881 tam
541 2841 845 2881 inveteratum
879 2839 988 2880 illud
1024 2839 1191 2881 malum
1225 2846 1334 2883 erat.

215 2961 272 3002 A.
302 2961 382 3011 VI,
417 2963 478 3003 18.
511 2961 689 3014 „Etiam
708 2962 752 3002 in
772 2961 1037 3014 Pompeiam
1059 2961 1305 3003 Macrinam
1326 2963 1510 3004 exilium
1528 2965 1754 3015 statuitur,
