2040 3412
947 309 1031 354 243

193 420 412 462 Romanis
454 419 585 461 facile
627 425 696 461 est
738 420 978 461 coniicere.
1022 419 1156 462 Dabo
1192 407 1298 475 'ipsa
1330 420 1482 471 verba,
1525 435 1642 475 quae
1675 434 1793 463 nunc

190 500 313 555 apud
348 499 680 554 Nipperdeium
713 499 946 554 leguntur:

256 579 458 634 „Neque‚
503 585 553 621 ut
594 580 640 621 in
684 580 885 634 pedestri
927 580 1046 630 acie,
1089 580 1344 622 comminus
1387 581 1669 631 certabatur;
1712 581 1794 623 sed

189 664 426 715 tamquam
459 660 609 702 navali
642 674 809 715 pugna,
841 660 945 715 vagi
978 661 1097 701 inter
1129 660 1273 702 undas
1305 665 1397 710 aut,
1430 661 1466 702 si
1494 661 1604 715 quid
1631 661 1794 703 stabile

189 740 471 790 occurrebat,
516 740 625 781 totis
667 739 756 781 illic
790 740 1057 794 corporibus
1091 741 1303 790 nitentes,
1337 739 1561 782 vulnerati
1593 754 1695 782 cum
1730 741 1795 782 in-

189 820 343 876 tegris,
377 820 511 875 periti
539 821 678 862 nandi
713 833 815 861 cum
850 821 1018 875 ignaris
1050 821 1095 862 in
1130 826 1333 862 mutuam
1367 821 1615 875 perniciem
1647 821 1793 876 impli-

189 899 454 943 cabantur.”

249 980 343 1023 Ain
385 979 521 1023 vero?
570 981 699 1022 Ibine
743 995 834 1022 non
874 981 1115 1023 comminus
1157 966 1430 1031 certabatur,
1475 981 1550 1022 ubi
1585 980 1794 1023 homines

188 1061 535 1116 implicabantur
576 1061 694 1102 inter
735 1060 811 1102 se?
855 1042 1178 1115 Quidquamne
1222 1075 1464 1103 commune
1507 1067 1575 1103 est
1613 1075 1793 1116 pugnae

188 1140 426 1184 hominum
468 1141 514 1182 in
553 1141 713 1182 mediis
744 1142 872 1195 aquis
906 1141 1160 1182 natantium
1193 1154 1442 1195 eorumque
1477 1142 1553 1195 qui
1586 1155 1642 1182 ne
1675 1155 1794 1196 aqua

172 1227 451 1276 *mergantur
493 1221 706 1262 omnibus
749 1221 955 1262 nituntur
998 1220 1146 1262 modis
1303 1226 1349 1261 et
1391 1235 1572 1275 pugnae
1615 1220 1793 1262 navali?

189 1301 315 1344 Nihil
357 1301 450 1343 vidi
495 1301 639 1356 magis
681 1301 1017 1356 perturbatum·
1042 1301 1276 1355 magisque
1308 1301 1570 1342 absurdum.
1614 1301 1792 1342 Bonum

188 1381 359 1424 factum
396 1382 526 1436 ,quod
569 1387 724 1422 tamen
758 1381 856 1435 ipsa
888 1386 1043 1422 textus
1076 1381 1280 1422 conditio
1314 1381 1466 1435 aliquo
1499 1381 1638 1422 modo
1671 1382 1792 1422 unde

188 1475 348 1504 omnes
386 1461 490 1503 illae
521 1461 682 1502 turbae
717 1465 851 1502 natae
883 1461 974 1501 sint
1006 1460 1189 1510 indicat,
1225 1466 1271 1501 et
1302 1474 1405 1502 cum
1440 1461 1586 1502 morbi
1619 1461 1793 1516 origine

185 1542 378 1584 sanandi
418 1542 642 1584 rationem
687 1541 837 1583 docet.
881 1540 1121 1582 Traditum
1164 1541 1285 1581 enim
1328 1546 1397 1582 est
1429 1555 1520 1582 non
1553 1542 1793 1584 comminus

186 1623 267 1666 sed
310 1623 551 1665 comminus
587 1623 745 1671 minus,
779 1622 899 1663 unde
940 1621 1028 1664 Iac.
1063 1620 1320 1662 Gronovius
1352 1622 1593 1664 comminus
1623 1623 1793 1664 eminus

186 1703 308 1754 fecit,
350 1704 396 1745 in
440 1717 530 1757 qua
570 1702 780 1752 lectione,
822 1707 872 1742 ut
905 1702 1066 1743 statim<
1094 1701 1362 1751 videbimus,
1397 1715 1501 1756 pars
1533 1703 1626 1743 veri
1661 1703 1791 1744 inest.

187 1783 496 1839 Nipperdeius
537 1783 796 1824 abiiciendo
841 1783 987 1824 minus
1027 1782 1146 1823 ultro
1185 1782 1388 1836 corrupit
1419 1782 1584 1823 locum.
1619 1782 1708 1832 Sic,
1743 1789 1792 1824 ut

187 1864 363 1919 opinor,
398 1864 585 1905 Tacitus
617 1863 818 1917 scripsit:

186 1960 189 1961 ⁷
248 1944 410 1998 Neque
454 1949 503 1984 ut
535 1943 736 1997 pedestri
770 1942 866 1984 acie
900 1942 1159 1983 certabatur
1191 1955 1340 1996 neque
1372 1947 1607 1996 tamquam
1642 1942 1790 1984 navali

186 2038 362 2080 pugna:
397 2024 499 2078 vagi
533 2024 652 2064 inter
683 2023 827 2064 undas
859 2028 952 2072 aut,
979 2023 1016 2063 si
1043 2022 1152 2076 quid
1180 2021 1343 2063 stabile
1372 2022 1652 2072 occurrebat,
1682 2023 1791 2064 totis

185 2104 276 2147 illic
308 2105 478 2147 viribus
512 2104 709 2145 nitentes
741 2116 780 2144 e.
798 2117 842 2157 q.
861 2102 925 2143 s.”

247 2185 324 2227 Ad
358 2185 560 2241 pedestri
599 2185 692 2226 acie
733 2182 897 2224 sciolus
938 2182 1101 2237 aliquis
1143 2182 1395 2232 annotavit,
1439 2182 1692 2232 comminus,
1733 2183 1790 2224 ad

186 2267 342 2309 navali
373 2274 531 2322 pugna
563 2265 804 2319 adscripsit
835 2265 1026 2314 eminus;
1062 2264 1185 2317 quod
1219 2277 1243 2304 e
1277 2262 1453 2304 duabus
1485 2262 1791 2304 annotationi-

187 2347 271 2389 bus
313 2352 470 2388 natum
515 2352 583 2388 est
626 2346 867 2388 comminus
907 2345 1054 2386 minus
1096 2344 1141 2385 in
1184 2349 1363 2384 textum
1396 2343 1638 2384 aberravit.
1684 2344 1791 2385 Fuit

187 2439 291 2468 cum
333 2432 542 2481 putarem
585 2440 747 2468 vocem
788 2426 876 2475 sed,
910 2439 1027 2479 quae
1060 2437 1179 2465 nunc
1212 2430 1319 2465 ante
1352 2432 1580 2478 tamquam
1612 2424 1790 2478 legitur,

186 2507 370 2549 retineri
414 2520 547 2562 posse
590 2512 636 2547 et
679 2507 742 2547 ita
784 2505 1019 2559 transponi
1065 2510 1115 2545 ut
1147 2504 1397 2558 legeretur:
1430 2505 1510 2546 sed
1535 2505 1646 2559 vagi
1675 2505 1792 2547 inter

187 2588 330 2629 undas
371 2600 471 2641 sqq.
515 2586 606 2629 Sed
649 2586 784 2640 longe
828 2590 1029 2639 praestat
1070 2584 1329 2638 asyndeton
1372 2585 1495 2638 quod
1530 2585 1651 2625 dedi.
1689 2584 1791 2626 Hoc

187 2672 362 2708 certum
411 2673 479 2708 est
523 2680 671 2708 errare
716 2665 999 2719 Madvigium
1042 2677 1124 2718 pro
1168 2663 1259 2705 z'llz'c
1300 2664 1619 2704 coniicientem
1663 2664 1790 2706 illuc:

186 2747 433 2789 absurdum
466 2747 588 2788 enim
621 2747 801 2788 videtur
829 2745 911 2786 niti
939 2745 983 2786 z'n
1012 2744 1129 2785 illud
1152 2744 1274 2797 quod
1303 2752 1524 2786 occurrat.
1554 2744 1656 2785 Hoc
1681 2744 1792 2785 dicit

186 2827 396 2869 Tacitus:
444 2827 612 2880 „sicubi
657 2826 851 2880 pedibus
894 2823 1057 2865 stabile
1101 2823 1271 2876 aliquid
1315 2824 1436 2864 nacti
1480 2829 1621 2873 erant,
1666 2823 1791 2865 illum

186 2906 336 2948 locum
365 2907 572 2948 obtinere
603 2904 894 2954 studebant”‚
925 2917 1014 2944 non
1046 2916 1154 2956 ergo
1182 2903 1286 2944 illuc
1307 2904 1387 2944 sed
1406 2904 1497 2945 z'llz'c
1515 2904 1790 2945 nitebantur.

247 2988 305 3028 H.
339 2987 398 3036 V,
438 2998 502 3042 17.
537 2986 672 3028 Stant
705 2986 851 3040 parati
877 2984 935 3025 ad
965 2982 1207 3038 proelium,
1238 2984 1361 3036 quod
1390 2984 1475 3024 toti
1505 2984 1624 3025 bello
1653 2984 1793 3024 finem
