2040 3412
1141 270 1218 323 178

2007 207 2025 228 (ff

2012 234 2024 251 ’τ

2008 251 2011 273 j
2019 256 2028 265 2

2019 262 2040 314 ,ξ

2026 319 2040 346 ,j

443 386 540 436 „alii
573 386 750 435 liberos,
780 387 853 427 alii
881 388 1094 442 coniuges
1123 389 1309 429 vocibus
1337 388 1627 441 requirebant
1654 387 1841 428 vocibus
1869 391 1971 427 no's-
2016 383 2040 452 5

378 464 624 514 citabant‚”
655 466 735 506 sed
769 466 829 506 ibi
863 468 1146 521 requirebant
1177 468 1270 508 eius
1304 467 1429 508 verbi
1463 467 1623 521 implet
1650 472 1813 521 partes,
1844 465 1968 537 quod

379 545 499 598 apud
533 545 743 586 Tacitum
772 553 839 587 est
867 549 1180 601 reponendum
1210 547 1469 601 (poscebant)
1498 553 1544 588 et
1565 547 1737 588 vocibus
1754 546 1972 588 noscitare
2031 542 2040 600 ζ

380 629 500 664 recte
540 625 715 674 dicitur,
750 632 796 667 at
828 627 1068 669 ululatibus
1099 636 1140 669 et
1162 629 1331 682 gemitu
1365 627 1591 668 noscebant
1623 626 1868 667 absurdum
1892 631 1972 668 ,est
2031 660 2034 661 ν

379 704 554 757 eritque
597 718 788 759 semper.
847 705 1019 759 Quodsi
1064 708 1163 760 quis
1206 721 1260 748 eo
1303 707 1532 760 confugiat
1577 713 1625 747 ut
1668 707 1791 748 dicat
1831 707 1971 748 etiam
2030 690 2040 707 ³

380 797 548 833 eorum,
585 785 660 838 qui
693 785 790 826 dira
816 786 944 827 clade
972 788 1127 828 audita
1153 792 1456 836 accurrerunt,
1486 786 1679 827 ululatus
1705 792 1751 827 et
1778 787 1974 841 gemitus

380 864 620 914 exstitisse,
660 879 797 918 quam
831 866 992 907 durum
1026 867 1342 920 ingratumque
1376 866 1483 907 illud
1517 867 1574 907 sit
1606 866 1817 907 observet
1849 866 1972 920 quod

381 944 425 984 in
473 945 699 986 sententia
741 946 804 986 ita
845 951 1028 995 structa,
1072 952 1121 987 ut
1162 946 1273 987 haec
1317 953 1398 996 est,
1443 946 1529 987 alia
1570 952 1639 987 est
1681 946 1795 987 ratio
1838 945 1971 1000 primi
2032 966 2035 969 >

380 1023 566 1064 ablativi
598 1025 710 1073 visu,
745 1025 830 1066 alia
862 1026 1195 1080 insequentium
1229 1026 1470 1068 ululatibus
1500 1034 1541 1068 et
1567 1026 1749 1081 gemitu.

442 1184 500 1225 A.
536 1184 603 1226 IV
636 1198 673 1225 c.
708 1186 763 1240 67
796 1186 859 1226 sic
894 1186 1075 1240 incipit:

445 1264 536 1316 „At
574 1264 738 1306 Caesar
771 1266 991 1307 dedicatis
1025 1280 1104 1320 per
1137 1266 1432 1320 Campaniam
1467 1265 1661 1320 templis,
1695 1251 1972 1319 quamquam
2037 1320 2040 1321 ⁷

381 1343 533 1384 edicto
578 1345 837 1394 monuisset,
883 1359 939 1386 ne
972 1346 1071 1399 quis
1105 1346 1306 1400 quietem
1339 1346 1433 1386 eius
1466 1346 1756 1400 inrumperet,
1790 1357 1977 1387 concur-

382 1437 544 1477 susque
578 1425 911 1479 oppidanorum
946 1426 1167 1480 disposito
1201 1426 1341 1466 milite
1374 1425 1721 1480 prohiberentur
1753 1439 1791 1466 e.
1809 1438 1853 1480 q.
1870 1423 1936 1466 s.”

443 1504 527 1544 Pro
554 1505 829 1560 inrumperet
855 1506 1058 1547 Heraeus
1086 1505 1329 1559 legendum
1357 1519 1453 1547 esse
1482 1506 1596 1547 vidit
1617 1506 1975 1560 interrumperet,

384 1586 773 1639 necessariamque
802 1599 901 1626 eam
930 1600 1026 1627 esse
1054 1586 1422 1627 emendationem
1451 1591 1591 1640 patet.
1627 1585 1746 1627 Nam
1771 1598 1888 1640 quae
1915 1585 1974 1627 ad
2036 1635 2038 1637 .

384 1664 612 1718 vulgatam
667 1666 910 1707 lectionem
961 1666 1295 1707 defendendam
1343 1666 1472 1707 affert
1521 1666 1764 1706 Furneaux
1809 1663 1972 1719 insigni

384 1746 697 1786 demonstrant
746 1746 958 1800 exemplo
1006 1760 1141 1800 quam
1189 1746 1375 1787 ridicule
1423 1746 1583 1800 aliquis
1629 1746 1780 1800 specie
1823 1744 1973 1799 decipi

384 1826 538 1878 possit.
589 1825 704 1867 Sunt
735 1827 853 1866 enim
888 1826 1022 1867 haec:
1734 1884 1741 1889 .

444 1905 501 1946 Η.
547 1906 578 1954 Ι,
624 1907 678 1946 82
723 1906 796 1960 (de
840 1907 1136 1960 praetorianis
1179 1907 1325 1960 agitur
1368 1907 1499 1947 nimis
1542 1919 1623 1960 pro
1668 1905 1851 1947 Othone
1891 1917 1973 1946 suo

383 1985 600 2039 sollicitis)
617 2003 624 2026 :

446 2066 668 2118 „Militum
697 2067 892 2121 impetus
921 2082 976 2108 ne
1004 2067 1172 2108 foribus
1199 2068 1383 2121 quidem
1413 2067 1570 2108 Palatii
1599 2066 1833 2116 coercitus,
1862 2078 1972 2120 quo-

382 2147 528 2187 minus
560 2147 817 2188 convivium
852 2147 1172 2201 inrumperet.”

441 2227 509 2267 De
558 2226 774 2267 militibus
820 2215 1179 2276 accurrentibus,
1229 2227 1449 2281 impetum
1497 2227 1788 2277 facientibus,
1836 2239 1970 2282 aegre
2037 2254 2040 2283 3

379 2312 507 2347 extra
554 2306 712 2347 Palatii
760 2307 877 2348 fores
925 2308 1132 2348 coercitis
1174 2321 1229 2348 ne
1273 2308 1421 2361 potuit
1465 2308 1650 2361 quidem
1691 2306 1812 2348 aliud
1855 2308 1965 2362 poni

377 2387 566 2428 verbum
600 2400 735 2440 quarn
767 2387 1048 2439 irrumpendi
1077 2387 1199 2428 illud.
1235 2388 1416 2441 Ergone
1449 2388 1587 2429 etiam
1618 2388 1753 2430 otium
1780 2388 1967 2430 alicuius

376 2472 498 2507 recte
531 2467 730 2521 irrumpi
761 2466 953 2508 dicitur?
1789 2466 1797 2468 ἡ

437 2546 494 2586 H.
535 2546 615 2595 IV,
653 2556 720 2599 50.
755 2547 918 2587 Festus
950 2546 1139 2600 legionis
1172 2548 1216 2587 in
1250 2547 1405 2588 Africa
1437 2548 1624 2601 legatus,
1659 2549 1831 2590 dudum
1864 2561 1964 2604 per·

377 2627 539 2666 niciem
581 2626 731 2667 Pisoni
776 2626 970 2675 molitus,
1005 2627 1080 2667 ubi
1113 2628 1300 2668 tandem
1332 2627 1594 2668 facultatem
1626 2627 1836 2669 facinoris
1868 2639 1990 2682 per-'

376 2706 585 2758 petrandi
619 2711 777 2746 nactus
808 2712 897 2747 est:

440 2786 640 2839 „equites
668 2786 710 2826 in
739 2799 897 2826 necem
927 2786 1099 2827 Pisonis
1129 2786 1280 2827 mittit.
1316 2785 1383 2826 Illi
1413 2786 1577 2839 raptim
1607 2787 1739 2836 vecti,
1769 2787 1963 2828 obscuro

377 2864 524 2905 adhuc
558 2871 748 2918 coeptae
781 2865 891 2906 lucis
925 2867 1111 2906 domum
1144 2866 1423 2919 proconsulis
1455 2866 1761 2919 inrumpunt.”

439 2944 613 2983 Docere
669 2944 978 2985 huiuscemodi
1034 2945 1119 2986 loci
1174 2946 1397 2986 editorem
1454 2951 1665 2998 poterant
1715 2945 1792 2986 ubi
1839 2950 1963 2986 reete
