<?xml version="1.0" encoding="UTF-8"?>
<!DOCTYPE html PUBLIC "-//W3C//DTD XHTML 1.0 Transitional//EN"
    "http://www.w3.org/TR/xhtml1/DTD/xhtml1-transitional.dtd">
<html xmlns="http://www.w3.org/1999/xhtml" xml:lang="en" lang="en">
 <head>
  <title>
</title>
<meta http-equiv="Content-Type" content="text/html;charset=utf-8" />
  <meta name='ocr-system' content='tesseract 3.04.00' />
  <meta name='ocr-capabilities' content='ocr_page ocr_carea ocr_par ocr_line ocrx_word'/>
</head>
<body>
  <div class='ocr_page' id='page_1' title='image "analectatacitea00hartuoft_0304.png"; bbox 0 0 2040 3412; ppageno 0'>
   <div class='ocr_carea' id='block_1_1' title="bbox 1104 265 1190 319">
    <p class='ocr_par' dir='ltr' id='par_1_1' title="bbox 1104 265 1190 319">
     <span class='ocr_line' id='line_1_1' title="bbox 1104 265 1190 319; baseline 0 -13"><span class='ocrx_word' id='word_1_1' title='bbox 1104 265 1190 319; x_wconf 88' lang='lat'><strong>296</strong></span> 
     </span>
    </p>
   </div>
   <div class='ocr_carea' id='block_1_2' title="bbox 346 382 1984 519">
    <p class='ocr_par' dir='ltr' id='par_1_2' title="bbox 346 380 1984 519">
     <span class='ocr_line' id='line_1_2' title="bbox 346 382 1984 440; baseline 0 -15"><span class='ocrx_word' id='word_1_2' title='bbox 346 385 454 439; x_wconf 89' lang='lat' dir='ltr'><strong>quin</strong></span> <span class='ocrx_word' id='word_1_3' title='bbox 497 384 587 425; x_wconf 91' lang='lat' dir='ltr'><strong>sint</strong></span> <span class='ocrx_word' id='word_1_4' title='bbox 630 384 839 426; x_wconf 92' lang='lat' dir='ltr'><strong>homines</strong></span> <span class='ocrx_word' id='word_1_5' title='bbox 881 390 974 426; x_wconf 93' lang='lat' dir='ltr'><strong>tam</strong></span> <span class='ocrx_word' id='word_1_6' title='bbox 1018 385 1172 427; x_wconf 91' lang='lat' dir='ltr'><strong>divina</strong></span> <span class='ocrx_word' id='word_1_7' title='bbox 1214 386 1421 428; x_wconf 91' lang='lat' dir='ltr'><strong>doctrina</strong></span> <span class='ocrx_word' id='word_1_8' title='bbox 1463 386 1656 440; x_wconf 86' lang='lat' dir='ltr'><strong>praediti</strong></span> <span class='ocrx_word' id='word_1_9' title='bbox 1699 391 1749 427; x_wconf 91' lang='lat' dir='ltr'><strong>ut</strong></span> <span class='ocrx_word' id='word_1_10' title='bbox 1780 384 1852 428; x_wconf 89' lang='lat' dir='ltr'><strong>vel</strong></span> <span class='ocrx_word' id='word_1_11' title='bbox 1889 382 1984 439; x_wconf 54' lang='lat' dir='ltr'><strong>e-&#39;J&#39;s</strong></span> 
     </span>
     <span class='ocr_line' id='line_1_3' title="bbox 346 464 1868 519; baseline 0.001 -14"><span class='ocrx_word' id='word_1_12' title='bbox 346 464 468 506; x_wconf 91' lang='lat' dir='ltr'><strong>illam</strong></span> <span class='ocrx_word' id='word_1_13' title='bbox 501 464 660 518; x_wconf 89' lang='lat' dir='ltr'><strong>longas</strong></span> <span class='ocrx_word' id='word_1_14' title='bbox 692 465 867 519; x_wconf 86' lang='lat' dir='ltr'><strong>possint</strong></span> <span class='ocrx_word' id='word_1_15' title='bbox 901 466 1185 507; x_wconf 88' lang='lat' dir='ltr'>conscribere</span> <span class='ocrx_word' id='word_1_16' title='bbox 1219 466 1538 507; x_wconf 83' lang='lat' dir='ltr'>annotationes</span> <span class='ocrx_word' id='word_1_17' title='bbox 1569 479 1660 507; x_wconf 92' lang='lat' dir='ltr'><strong>non</strong></span> <span class='ocrx_word' id='word_1_18' title='bbox 1693 465 1868 508; x_wconf 87' lang='lat' dir='ltr'><strong>dubito.</strong></span> 
     </span>
    </p>
   </div>
   <div class='ocr_carea' id='block_1_3' title="bbox 1878 0 2040 2415">
    <p class='ocr_par' dir='ltr' id='par_1_3' title="bbox 1878 0 2040 2415">
     <span class='ocr_line' id='line_1_4' title="bbox 1878 0 2040 2415; baseline 0 -1746"><span class='ocrx_word' id='word_1_19' title='bbox 1878 0 2040 2415; x_wconf 95' lang='lat' dir='ltr'><strong>   </strong></span> 
     </span>
    </p>
   </div>
   <div class='ocr_carea' id='block_1_4' title="bbox 346 623 2026 2998">
    <p class='ocr_par' dir='ltr' id='par_1_4' title="bbox 407 623 1990 688">
     <span class='ocr_line' id='line_1_5' title="bbox 407 623 1750 680; baseline 0.001 -15"><span class='ocrx_word' id='word_1_20' title='bbox 407 624 649 666; x_wconf 88' lang='lat' dir='ltr'><strong>Praeterea</strong></span> <span class='ocrx_word' id='word_1_21' title='bbox 679 624 737 680; x_wconf 78' lang='lat' dir='ltr'><strong>ad</strong></span> <span class='ocrx_word' id='word_1_22' title='bbox 771 623 854 665; x_wconf 93' lang='lat' dir='ltr'><strong>has</strong></span> <span class='ocrx_word' id='word_1_23' title='bbox 886 625 1003 666; x_wconf 91' lang='lat' dir='ltr'><strong>vitas</strong></span> <span class='ocrx_word' id='word_1_24' title='bbox 1035 624 1147 666; x_wconf 90' lang='lat' dir='ltr'><strong>haec</strong></span> <span class='ocrx_word' id='word_1_25' title='bbox 1181 624 1330 666; x_wconf 93' lang='lat' dir='ltr'><strong>habeo</strong></span> <span class='ocrx_word' id='word_1_26' title='bbox 1362 637 1479 679; x_wconf 90' lang='lat' dir='ltr'><strong>quae</strong></span> <span class='ocrx_word' id='word_1_27' title='bbox 1509 630 1750 666; x_wconf 88' lang='lat' dir='ltr'><strong>annotem:</strong></span> 
     </span>
    </p>

    <p class='ocr_par' dir='ltr' id='par_1_5' title="bbox 346 693 2007 1080">
     <span class='ocr_line' id='line_1_6' title="bbox 407 699 2000 760; baseline 0.001 -15"><span class='ocrx_word' id='word_1_28' title='bbox 407 704 554 746; x_wconf 80' lang='lat' dir='ltr'>Galba</span> <span class='ocrx_word' id='word_1_29' title='bbox 587 705 605 745; x_wconf 93' lang='lat' dir='ltr'>I</span> <span class='ocrx_word' id='word_1_30' title='bbox 651 705 909 746; x_wconf 89' lang='lat' dir='ltr'><strong>Romanum</strong></span> <span class='ocrx_word' id='word_1_31' title='bbox 942 704 1196 758; x_wconf 89' lang='lat' dir='ltr'><strong>imperium,</strong></span> <span class='ocrx_word' id='word_1_32' title='bbox 1228 705 1351 759; x_wconf 93' lang='lat' dir='ltr'><strong>quod</strong></span> <span class='ocrx_word' id='word_1_33' title='bbox 1386 710 1490 760; x_wconf 93' lang='lat' dir='ltr'><strong>post</strong></span> <span class='ocrx_word' id='word_1_34' title='bbox 1523 705 1717 746; x_wconf 91' lang='lat' dir='ltr'><strong>Neronis</strong></span> <span class='ocrx_word' id='word_1_35' title='bbox 1749 699 2000 757; x_wconf 58' lang='lat' dir='ltr'><strong>mortem?</strong></span> 
     </span>
     <span class='ocr_line' id='line_1_7' title="bbox 346 783 2007 850; baseline 0.002 -25"><span class='ocrx_word' id='word_1_36' title='bbox 346 785 391 825; x_wconf 93' lang='lat' dir='ltr'><strong>in</strong></span> <span class='ocrx_word' id='word_1_37' title='bbox 436 784 599 826; x_wconf 91' lang='lat' dir='ltr'><strong>multas</strong></span> <span class='ocrx_word' id='word_1_38' title='bbox 643 789 796 838; x_wconf 88' lang='lat' dir='ltr'><strong>partes</strong></span> <span class='ocrx_word' id='word_1_39' title='bbox 841 783 1033 826; x_wconf 91' lang='lat' dir='ltr'><strong>divisum</strong></span> <span class='ocrx_word' id='word_1_40' title='bbox 1076 785 1208 826; x_wconf 91' lang='lat' dir='ltr'><strong>simul</strong></span> <span class='ocrx_word' id='word_1_41' title='bbox 1251 798 1309 826; x_wconf 88' lang='lat' dir='ltr'><strong>ex</strong></span> <span class='ocrx_word' id='word_1_42' title='bbox 1351 784 1503 826; x_wconf 88' lang='lat' dir='ltr'><strong>multis</strong></span> <span class='ocrx_word' id='word_1_43' title='bbox 1544 784 1748 839; x_wconf 86' lang='lat' dir='ltr'><strong>partibus</strong></span> <span class='ocrx_word' id='word_1_44' title='bbox 1780 783 2007 850; x_wconf 46' lang='lat' dir='ltr'><strong>iterum-32}</strong></span> 
     </span>
     <span class='ocr_line' id='line_1_8' title="bbox 348 862 1944 919; baseline 0.001 -13"><span class='ocrx_word' id='word_1_45' title='bbox 348 865 456 906; x_wconf 91' lang='lat' dir='ltr'><strong>coiit</strong></span> <span class='ocrx_word' id='word_1_46' title='bbox 498 866 543 906; x_wconf 92' lang='lat' dir='ltr'><strong>in</strong></span> <span class='ocrx_word' id='word_1_47' title='bbox 584 879 736 915; x_wconf 85' lang='lat' dir='ltr'><strong>unum,</strong></span> <span class='ocrx_word' id='word_1_48' title='bbox 782 878 1045 919; x_wconf 88' lang='lat' dir='ltr'><strong>perpessum</strong></span> <span class='ocrx_word' id='word_1_49' title='bbox 1084 866 1194 907; x_wconf 93' lang='lat' dir='ltr'><strong>dicit</strong></span> <span class='ocrx_word' id='word_1_50' title='bbox 1227 862 1348 914; x_wconf 74' lang='grc' dir='ltr'><em>ὅμοια</em></span> <span class='ocrx_word' id='word_1_51' title='bbox 1380 870 1465 911; x_wconf 81' lang='grc' dir='ltr'><em>τοῖς</em></span> <span class='ocrx_word' id='word_1_52' title='bbox 1499 865 1740 916; x_wconf 70' lang='grc' dir='ltr'><em>λεγομένοις</em></span> <span class='ocrx_word' id='word_1_53' title='bbox 1771 869 1944 907; x_wconf 77' lang='grc' dir='ltr'><em>Τιτανι-</em></span> 
     </span>
     <span class='ocr_line' id='line_1_9' title="bbox 348 930 2001 1006; baseline 0.003 -21"><span class='ocrx_word' id='word_1_54' title='bbox 348 949 433 991; x_wconf 80' lang='grc' dir='ltr'><strong>κοῖς</strong></span> <span class='ocrx_word' id='word_1_55' title='bbox 467 943 616 986; x_wconf 68' lang='grc' dir='ltr'><em>πάθεσι</em></span> <span class='ocrx_word' id='word_1_56' title='bbox 650 943 720 986; x_wconf 75' lang='grc' dir='ltr'><strong>καὶ</strong></span> <span class='ocrx_word' id='word_1_57' title='bbox 756 944 969 995; x_wconf 73' lang='grc' dir='ltr'><strong><em>κινήμασι.</em></strong></span> <span class='ocrx_word' id='word_1_58' title='bbox 1003 945 1150 1000; x_wconf 82' lang='lat' dir='ltr'><strong>Quem</strong></span> <span class='ocrx_word' id='word_1_59' title='bbox 1180 946 1236 988; x_wconf 89' lang='lat' dir='ltr'><strong>de</strong></span> <span class='ocrx_word' id='word_1_60' title='bbox 1268 946 1507 988; x_wconf 84' lang='lat' dir='ltr'>Titanibus</span> <span class='ocrx_word' id='word_1_61' title='bbox 1533 946 1683 988; x_wconf 91' lang='lat' dir='ltr'><strong>locum</strong></span> <span class='ocrx_word' id='word_1_62' title='bbox 1711 930 2001 1006; x_wconf 24' lang='lat' dir='ltr'><strong>poeticum-,¹12¹</strong></span> 
     </span>
     <span class='ocr_line' id='line_1_10' title="bbox 347 1025 1222 1080; baseline 0 -13"><span class='ocrx_word' id='word_1_63' title='bbox 347 1026 420 1067; x_wconf 91' lang='lat' dir='ltr'><strong>hic</strong></span> <span class='ocrx_word' id='word_1_64' title='bbox 454 1026 664 1080; x_wconf 82' lang='lat' dir='ltr'><strong>respiciat</strong></span> <span class='ocrx_word' id='word_1_65' title='bbox 697 1025 960 1067; x_wconf 84' lang='lat' dir='ltr'>Plutarchus</span> <span class='ocrx_word' id='word_1_66' title='bbox 993 1039 1064 1067; x_wconf 92' lang='lat' dir='ltr'><strong>me</strong></span> <span class='ocrx_word' id='word_1_67' title='bbox 1098 1025 1222 1067; x_wconf 90' lang='lat' dir='ltr'><strong>latet.</strong></span> 
     </span>
    </p>

    <p class='ocr_par' dir='ltr' id='par_1_6' title="bbox 348 1088 2010 1248">
     <span class='ocr_line' id='line_1_11' title="bbox 409 1102 1997 1159; baseline 0.001 -13"><span class='ocrx_word' id='word_1_68' title='bbox 409 1105 555 1147; x_wconf 86' lang='lat' dir='ltr'>Galba</span> <span class='ocrx_word' id='word_1_69' title='bbox 598 1106 639 1146; x_wconf 96' lang='lat' dir='ltr'><strong>II</strong></span> <span class='ocrx_word' id='word_1_70' title='bbox 687 1104 926 1157; x_wconf 75' lang='grc' dir='ltr'><em>Νυμφίδιος</em></span> <span class='ocrx_word' id='word_1_71' title='bbox 968 1103 1052 1157; x_wconf 77' lang='grc' dir='ltr'><em>γαρ</em></span> <span class='ocrx_word' id='word_1_72' title='bbox 1097 1104 1281 1155; x_wconf 76' lang='grc' dir='ltr'><em>Σαβῖνος</em></span> <span class='ocrx_word' id='word_1_73' title='bbox 1315 1103 1365 1146; x_wconf 79' lang='grc' dir='ltr'><strong>ὢν</strong></span> <span class='ocrx_word' id='word_1_74' title='bbox 1399 1103 1583 1158; x_wconf 83' lang='grc' dir='ltr'><em>ἔπαρχος</em></span> <span class='ocrx_word' id='word_1_75' title='bbox 1617 1102 1751 1159; x_wconf 74' lang='grc' dir='ltr'><em>ὥσπερ</em></span> <span class='ocrx_word' id='word_1_76' title='bbox 1783 1102 1997 1158; x_wconf 52' lang='lat' dir='ltr'><strong>elmar}</strong></span> 
     </span>
     <span class='ocr_line' id='line_1_12' title="bbox 348 1167 2010 1248; baseline -0.001 -21"><span class='ocrx_word' id='word_1_77' title='bbox 348 1185 435 1227; x_wconf 79' lang='grc' dir='ltr'><em>κτὲ.</em></span> <span class='ocrx_word' id='word_1_78' title='bbox 467 1186 666 1228; x_wconf 91' lang='lat' dir='ltr'>Ubinam</span> <span class='ocrx_word' id='word_1_79' title='bbox 692 1187 781 1228; x_wconf 91' lang='lat' dir='ltr'><strong>iam</strong></span> <span class='ocrx_word' id='word_1_80' title='bbox 811 1192 946 1228; x_wconf 88' lang='lat' dir='ltr'><strong>antea</strong></span> <span class='ocrx_word' id='word_1_81' title='bbox 971 1187 1027 1228; x_wconf 89' lang='lat' dir='ltr'><strong>de</strong></span> <span class='ocrx_word' id='word_1_82' title='bbox 1046 1186 1330 1240; x_wconf 90' lang='lat' dir='ltr'>Nymphidio</span> <span class='ocrx_word' id='word_1_83' title='bbox 1350 1186 1614 1228; x_wconf 83' lang='lat' dir='ltr'>Plutarchus</span> <span class='ocrx_word' id='word_1_84' title='bbox 1630 1191 1728 1229; x_wconf 89' lang='lat' dir='ltr'><strong>erat</strong></span> <span class='ocrx_word' id='word_1_85' title='bbox 1743 1185 1946 1229; x_wconf 63' lang='lat' dir='ltr'><strong>locutus?</strong></span> <span class='ocrx_word' id='word_1_86' title='bbox 1972 1167 2010 1248; x_wconf 25' lang='lat'><strong>&#39;³23</strong></span> 
     </span>
    </p>

    <p class='ocr_par' dir='ltr' id='par_1_7' title="bbox 350 1248 2016 1733">
     <span class='ocr_line' id='line_1_13' title="bbox 409 1259 1947 1323; baseline 0.001 -16"><span class='ocrx_word' id='word_1_87' title='bbox 409 1267 469 1307; x_wconf 93' lang='lat' dir='ltr'><strong>ib.</strong></span> <span class='ocrx_word' id='word_1_88' title='bbox 504 1266 814 1321; x_wconf 88' lang='lat' dir='ltr'><strong>Nymphidius</strong></span> <span class='ocrx_word' id='word_1_89' title='bbox 846 1279 954 1321; x_wconf 84' lang='lat' dir='ltr'><strong>ergo</strong></span> <span class='ocrx_word' id='word_1_90' title='bbox 987 1271 1162 1308; x_wconf 86' lang='lat' dir='ltr'>tantam</span> <span class='ocrx_word' id='word_1_91' title='bbox 1196 1265 1413 1307; x_wconf 88' lang='lat' dir='ltr'><strong>militibus</strong></span> <span class='ocrx_word' id='word_1_92' title='bbox 1445 1266 1685 1320; x_wconf 90' lang='lat' dir='ltr'><strong>pecuniam</strong></span> <span class='ocrx_word' id='word_1_93' title='bbox 1717 1259 1947 1323; x_wconf 68' lang='lat' dir='ltr'><strong>pollicitus</strong></span> 
     </span>
     <span class='ocr_line' id='line_1_14' title="bbox 350 1342 2014 1405; baseline 0.001 -18"><span class='ocrx_word' id='word_1_94' title='bbox 350 1352 430 1395; x_wconf 89' lang='lat' dir='ltr'><strong>est,</strong></span> <span class='ocrx_word' id='word_1_95' title='bbox 464 1351 681 1400; x_wconf 90' lang='lat' dir='ltr'><strong>quantam</strong></span> <span class='ocrx_word' id='word_1_96' title='bbox 715 1346 926 1401; x_wconf 87' lang='lat' dir='ltr'><strong>colligere</strong></span> <span class='ocrx_word' id='word_1_97' title='bbox 954 1360 1045 1388; x_wconf 91' lang='lat' dir='ltr'><strong>non</strong></span> <span class='ocrx_word' id='word_1_98' title='bbox 1073 1351 1266 1401; x_wconf 88' lang='lat' dir='ltr'><strong>poterat,</strong></span> <span class='ocrx_word' id='word_1_99' title='bbox 1296 1346 1379 1388; x_wconf 88' lang='lat' dir='ltr'><strong>nisi</strong></span> <span class='ocrx_word' id='word_1_100' title='bbox 1408 1346 1551 1388; x_wconf 86' lang='lat' dir='ltr'><strong>multo</strong></span> <span class='ocrx_word' id='word_1_101' title='bbox 1579 1346 1782 1401; x_wconf 88' lang='lat' dir='ltr'><strong>pluribus</strong></span> <span class='ocrx_word' id='word_1_102' title='bbox 1805 1359 1945 1405; x_wconf 81' lang='lat' dir='ltr'><strong>quam</strong></span> <span class='ocrx_word' id='word_1_103' title='bbox 1978 1342 2014 1379; x_wconf 61' lang='lat' dir='ltr'>f</span> 
     </span>
     <span class='ocr_line' id='line_1_15' title="bbox 353 1407 1954 1479; baseline 0.001 -12"><span class='ocrx_word' id='word_1_104' title='bbox 353 1427 475 1467; x_wconf 93' lang='lat' dir='ltr'><strong>Nero</strong></span> <span class='ocrx_word' id='word_1_105' title='bbox 519 1439 677 1467; x_wconf 91' lang='lat' dir='ltr'><strong>omnes</strong></span> <span class='ocrx_word' id='word_1_106' title='bbox 721 1426 934 1468; x_wconf 88' lang='lat' dir='ltr'><strong>mortales</strong></span> <span class='ocrx_word' id='word_1_107' title='bbox 975 1426 1175 1468; x_wconf 89' lang='lat' dir='ltr'><strong>afficeret</strong></span> <span class='ocrx_word' id='word_1_108' title='bbox 1218 1426 1371 1467; x_wconf 89' lang='lat' dir='ltr'><strong>malis:</strong></span> <span class='ocrx_word' id='word_1_109' title='bbox 1411 1428 1531 1468; x_wconf 80' lang='grc' dir='ltr'><em>τοῦτο</em></span> <span class='ocrx_word' id='word_1_110' title='bbox 1576 1424 1675 1479; x_wconf 74' lang='grc' dir='ltr'><strong>γὰρ</strong></span> <span class='ocrx_word' id='word_1_111' title='bbox 1718 1407 1834 1473; x_wconf 67' lang='grc' dir='ltr'><strong><em>εὐθὺς</em></strong></span> <span class='ocrx_word' id='word_1_112' title='bbox 1867 1424 1954 1475; x_wconf 73' lang='grc' dir='ltr'><strong>μὲν·</strong></span> 
     </span>
     <span class='ocr_line' id='line_1_16' title="bbox 351 1503 1945 1560; baseline 0.001 -14"><span class='ocrx_word' id='word_1_113' title='bbox 351 1505 549 1547; x_wconf 64' lang='grc' dir='ltr'><em>ἀπώλεσε</em></span> <span class='ocrx_word' id='word_1_114' title='bbox 594 1503 777 1556; x_wconf 79' lang='grc' dir='ltr'><em>Νέρωνα,</em></span> <span class='ocrx_word' id='word_1_115' title='bbox 820 1507 917 1556; x_wconf 83' lang='grc' dir='ltr'><em>μετ’</em></span> <span class='ocrx_word' id='word_1_116' title='bbox 949 1504 1090 1556; x_wconf 83' lang='grc' dir='ltr'><em>ὀλίγον</em></span> <span class='ocrx_word' id='word_1_117' title='bbox 1133 1504 1174 1547; x_wconf 77' lang='grc' dir='ltr'><strong>δὲ</strong></span> <span class='ocrx_word' id='word_1_118' title='bbox 1207 1504 1403 1556; x_wconf 74' lang='grc' dir='ltr'><em>Γάλβαν.</em></span> <span class='ocrx_word' id='word_1_119' title='bbox 1435 1505 1519 1547; x_wconf 84' lang='grc' dir='ltr'><strong>Τὸν</strong></span> <span class='ocrx_word' id='word_1_120' title='bbox 1550 1505 1626 1557; x_wconf 78' lang='grc' dir='ltr'><strong>μὲν</strong></span> <span class='ocrx_word' id='word_1_121' title='bbox 1658 1505 1756 1558; x_wconf 71' lang='grc' dir='ltr'><strong>γὰρ</strong></span> <span class='ocrx_word' id='word_1_122' title='bbox 1787 1506 1840 1560; x_wconf 74' lang='grc' dir='ltr'><strong>ὥς</strong></span> <span class='ocrx_word' id='word_1_123' title='bbox 1869 1514 1945 1556; x_wconf 69' lang='grc' dir='ltr'><strong>λη·</strong></span> 
     </span>
     <span class='ocr_line' id='line_1_17' title="bbox 351 1584 1947 1639; baseline 0.001 -12"><span class='ocrx_word' id='word_1_124' title='bbox 351 1585 523 1639; x_wconf 79' lang='grc' dir='ltr'><em>φάμενοι</em></span> <span class='ocrx_word' id='word_1_125' title='bbox 557 1586 803 1638; x_wconf 76' lang='grc' dir='ltr'><em>προήκαντο,</em></span> <span class='ocrx_word' id='word_1_126' title='bbox 831 1585 900 1627; x_wconf 82' lang='grc' dir='ltr'><strong>τὸν</strong></span> <span class='ocrx_word' id='word_1_127' title='bbox 928 1585 970 1627; x_wconf 77' lang='grc' dir='ltr'><strong>δὲ</strong></span> <span class='ocrx_word' id='word_1_128' title='bbox 997 1585 1055 1637; x_wconf 68' lang='grc' dir='ltr'><strong>μὴ</strong></span> <span class='ocrx_word' id='word_1_129' title='bbox 1084 1584 1380 1636; x_wconf 71' lang='grc' dir='ltr'><em>λαμβάνοντες</em></span> <span class='ocrx_word' id='word_1_130' title='bbox 1409 1584 1676 1628; x_wconf 71' lang='grc' dir='ltr'><em>ἀπέκτειναν.</em></span> <span class='ocrx_word' id='word_1_131' title='bbox 1709 1586 1775 1630; x_wconf 88' lang='lat' dir='ltr'><strong>Ut</strong></span> <span class='ocrx_word' id='word_1_132' title='bbox 1791 1586 1947 1629; x_wconf 77' lang='lat' dir='ltr'><strong>omnia</strong></span> 
     </span>
     <span class='ocr_line' id='line_1_18' title="bbox 352 1665 2015 1733; baseline 0.001 -26"><span class='ocrx_word' id='word_1_133' title='bbox 352 1667 468 1708; x_wconf 90' lang='lat' dir='ltr'><strong>bene</strong></span> <span class='ocrx_word' id='word_1_134' title='bbox 504 1667 758 1716; x_wconf 88' lang='lat' dir='ltr'><strong>decurrant,</strong></span> <span class='ocrx_word' id='word_1_135' title='bbox 794 1667 915 1720; x_wconf 91' lang='lat' dir='ltr'><strong>prius</strong></span> <span class='ocrx_word' id='word_1_136' title='bbox 947 1665 1030 1717; x_wconf 78' lang='grc' dir='ltr'><em>γαρ</em></span> <span class='ocrx_word' id='word_1_137' title='bbox 1064 1667 1108 1708; x_wconf 91' lang='lat' dir='ltr'><strong>in</strong></span> <span class='ocrx_word' id='word_1_138' title='bbox 1141 1665 1182 1708; x_wconf 81' lang='grc' dir='ltr'><strong>δέ</strong></span> <span class='ocrx_word' id='word_1_139' title='bbox 1217 1668 1486 1709; x_wconf 90' lang='lat' dir='ltr'><strong>mutandum</strong></span> <span class='ocrx_word' id='word_1_140' title='bbox 1518 1673 1599 1709; x_wconf 88' lang='lat' dir='ltr'><strong>est.</strong></span> <span class='ocrx_word' id='word_1_141' title='bbox 2006 1718 2015 1733; x_wconf 34' lang='grc' dir='ltr'><strong>ι</strong></span> 
     </span>
    </p>

    <p class='ocr_par' dir='ltr' id='par_1_8' title="bbox 351 1726 2023 1888">
     <span class='ocr_line' id='line_1_19' title="bbox 411 1741 1946 1798; baseline -0.001 -10"><span class='ocrx_word' id='word_1_142' title='bbox 411 1747 471 1788; x_wconf 92' lang='lat' dir='ltr'><strong>ib.</strong></span> <span class='ocrx_word' id='word_1_143' title='bbox 505 1746 567 1788; x_wconf 73' lang='grc' dir='ltr'><strong>τὰ</strong></span> <span class='ocrx_word' id='word_1_144' title='bbox 601 1745 676 1796; x_wconf 79' lang='grc' dir='ltr'><strong>μὲν</strong></span> <span class='ocrx_word' id='word_1_145' title='bbox 710 1741 775 1787; x_wconf 77' lang='grc' dir='ltr'><strong>οὖν</strong></span> <span class='ocrx_word' id='word_1_146' title='bbox 808 1745 900 1786; x_wconf 80' lang='grc' dir='ltr'><em>καθ’</em></span> <span class='ocrx_word' id='word_1_147' title='bbox 932 1742 1097 1786; x_wconf 78' lang='grc' dir='ltr'><em>ἕκαστα</em></span> <span class='ocrx_word' id='word_1_148' title='bbox 1130 1749 1207 1787; x_wconf 82' lang='grc' dir='ltr'><strong>τῶν</strong></span> <span class='ocrx_word' id='word_1_149' title='bbox 1240 1745 1497 1797; x_wconf 82' lang='grc' dir='ltr'><em>γιγνομένων</em></span> <span class='ocrx_word' id='word_1_150' title='bbox 1515 1744 1817 1797; x_wconf 71' lang='grc' dir='ltr'><strong>ἀπαγγέλλειν</strong></span> <span class='ocrx_word' id='word_1_151' title='bbox 1833 1743 1946 1798; x_wconf 71' lang='grc' dir='ltr'><em>ἄκρι-</em></span> 
     </span>
     <span class='ocr_line' id='line_1_20' title="bbox 351 1824 2003 1888; baseline 0.003 -22"><span class='ocrx_word' id='word_1_152' title='bbox 351 1825 438 1877; x_wconf 82' lang='grc' dir='ltr'><strong>βῶς</strong></span> <span class='ocrx_word' id='word_1_153' title='bbox 471 1830 546 1872; x_wconf 75' lang='grc' dir='ltr'><strong>τῆς</strong></span> <span class='ocrx_word' id='word_1_154' title='bbox 580 1829 883 1878; x_wconf 65' lang='grc' dir='ltr'><strong>πραγματικῆς</strong></span> <span class='ocrx_word' id='word_1_155' title='bbox 919 1824 1099 1877; x_wconf 80' lang='grc' dir='ltr'><em>ἱστορίας</em></span> <span class='ocrx_word' id='word_1_156' title='bbox 1135 1825 1261 1868; x_wconf 79' lang='grc' dir='ltr'><em>ἐστίν.</em></span> <span class='ocrx_word' id='word_1_157' title='bbox 1295 1827 1441 1868; x_wconf 87' lang='lat' dir='ltr'><strong>Immo</strong></span> <span class='ocrx_word' id='word_1_158' title='bbox 1473 1825 1534 1868; x_wconf 82' lang='grc' dir='ltr'><strong>τό.</strong></span> <span class='ocrx_word' id='word_1_159' title='bbox 1999 1871 2003 1888; x_wconf 21' lang='grc' dir='ltr'><strong>Ι,</strong></span> 
     </span>
    </p>

    <p class='ocr_par' dir='ltr' id='par_1_9' title="bbox 353 1886 2026 2281">
     <span class='ocr_line' id='line_1_21' title="bbox 413 1905 2024 1961; baseline 0.001 -13"><span class='ocrx_word' id='word_1_160' title='bbox 413 1907 558 1949; x_wconf 87' lang='lat' dir='ltr'>Galba</span> <span class='ocrx_word' id='word_1_161' title='bbox 592 1907 658 1947; x_wconf 93' lang='lat' dir='ltr'><strong>III</strong></span> <span class='ocrx_word' id='word_1_162' title='bbox 710 1906 920 1947; x_wconf 90' lang='lat' dir='ltr'><strong>Lutatius</strong></span> <span class='ocrx_word' id='word_1_163' title='bbox 963 1905 1149 1948; x_wconf 88' lang='lat' dir='ltr'><strong>Catulus</strong></span> <span class='ocrx_word' id='word_1_164' title='bbox 1191 1907 1258 1948; x_wconf 90' lang='lat' dir='ltr'><strong>vir</strong></span> <span class='ocrx_word' id='word_1_165' title='bbox 1301 1906 1383 1948; x_wconf 89' lang='lat' dir='ltr'><strong>fuit</strong></span> <span class='ocrx_word' id='word_1_166' title='bbox 1425 1907 1502 1961; x_wconf 91' lang='lat' dir='ltr'><strong>qui</strong></span> <span class='ocrx_word' id='word_1_167' title='bbox 1545 1907 1712 1949; x_wconf 85' lang='lat' dir='ltr'><strong>virtute</strong></span> <span class='ocrx_word' id='word_1_168' title='bbox 1753 1911 1800 1950; x_wconf 84' lang='lat' dir='ltr'><strong>et</strong></span> <span class='ocrx_word' id='word_1_169' title='bbox 1829 1906 1951 1949; x_wconf 77' lang='lat' dir='ltr'><strong>fama</strong></span> <span class='ocrx_word' id='word_1_170' title='bbox 2014 1928 2024 1946; x_wconf 77' lang='lat'><strong>·:</strong></span> 
     </span>
     <span class='ocr_line' id='line_1_22' title="bbox 354 1984 1963 2041; baseline 0 -12"><span class='ocrx_word' id='word_1_171' title='bbox 354 1986 617 2041; x_wconf 88' lang='lat' dir='ltr'><strong>aequalibus</strong></span> <span class='ocrx_word' id='word_1_172' title='bbox 650 1991 915 2040; x_wconf 86' lang='lat' dir='ltr'><strong>praestaret,</strong></span> <span class='ocrx_word' id='word_1_173' title='bbox 949 1985 984 2027; x_wconf 86' lang='grc' dir='ltr'><strong>εἶ</strong></span> <span class='ocrx_word' id='word_1_174' title='bbox 1017 1985 1087 2027; x_wconf 75' lang='grc' dir='ltr'><strong>καὶ</strong></span> <span class='ocrx_word' id='word_1_175' title='bbox 1117 1984 1163 2028; x_wconf 76' lang='grc' dir='ltr'><strong>τὸ</strong></span> <span class='ocrx_word' id='word_1_176' title='bbox 1195 1985 1391 2029; x_wconf 70' lang='grc' dir='ltr'><em>δύνασθαι</em></span> <span class='ocrx_word' id='word_1_177' title='bbox 1425 1989 1495 2037; x_wconf 63' lang='lat' dir='ltr'><strong>,ab</strong></span> <span class='ocrx_word' id='word_1_178' title='bbox 1515 1995 1643 2028; x_wconf 87' lang='grc' dir='ltr'><em>λλον</em></span> <span class='ocrx_word' id='word_1_179' title='bbox 1676 1986 1774 2028; x_wconf 78' lang='grc' dir='ltr'><em>ἑκὼν</em></span> <span class='ocrx_word' id='word_1_180' title='bbox 1801 1984 1963 2040; x_wconf 69' lang='grc' dir='ltr'><strong>ἑτέρως’</strong></span> 
     </span>
     <span class='ocr_line' id='line_1_23' title="bbox 353 2064 2026 2123; baseline 0.001 -16"><span class='ocrx_word' id='word_1_181' title='bbox 353 2070 551 2118; x_wconf 80' lang='grc' dir='ltr'><em>παρῆκεν.</em></span> <span class='ocrx_word' id='word_1_182' title='bbox 599 2066 746 2107; x_wconf 92' lang='lat' dir='ltr'><strong>Immo</strong></span> <span class='ocrx_word' id='word_1_183' title='bbox 790 2064 944 2118; x_wconf 83' lang='grc' dir='ltr'><em>μεῖζον.</em></span> <span class='ocrx_word' id='word_1_184' title='bbox 990 2066 1087 2107; x_wconf 90' lang='lat' dir='ltr'><strong>Nisi</strong></span> <span class='ocrx_word' id='word_1_185' title='bbox 1132 2066 1279 2108; x_wconf 88' lang='lat' dir='ltr'><strong>hiatus</strong></span> <span class='ocrx_word' id='word_1_186' title='bbox 1311 2066 1484 2108; x_wconf 90' lang='lat' dir='ltr'><strong>vitandi</strong></span> <span class='ocrx_word' id='word_1_187' title='bbox 1518 2080 1652 2108; x_wconf 88' lang='lat' dir='ltr'><strong>causa</strong></span> <span class='ocrx_word' id='word_1_188' title='bbox 1684 2065 1949 2109; x_wconf 86' lang='lat' dir='ltr'><strong>Plutarchus</strong></span> <span class='ocrx_word' id='word_1_189' title='bbox 1995 2082 2026 2123; x_wconf 63' lang='grc' dir='ltr'>ζ</span> 
     </span>
     <span class='ocr_line' id='line_1_24' title="bbox 353 2145 1964 2196; baseline 0.001 -9"><span class='ocrx_word' id='word_1_190' title='bbox 353 2160 379 2187; x_wconf 88' lang='lat' dir='ltr'><strong>a</strong></span> <span class='ocrx_word' id='word_1_191' title='bbox 424 2146 558 2187; x_wconf 91' lang='lat' dir='ltr'><strong>solito</strong></span> <span class='ocrx_word' id='word_1_192' title='bbox 605 2145 846 2186; x_wconf 85' lang='lat' dir='ltr'><strong>verborum</strong></span> <span class='ocrx_word' id='word_1_193' title='bbox 895 2145 1054 2187; x_wconf 92' lang='lat' dir='ltr'><strong>ordine</strong></span> <span class='ocrx_word' id='word_1_194' title='bbox 1103 2146 1371 2196; x_wconf 88' lang='lat' dir='ltr'><strong>recessisset,</strong></span> <span class='ocrx_word' id='word_1_195' title='bbox 1420 2147 1591 2188; x_wconf 90' lang='lat' dir='ltr'><strong>dudum</strong></span> <span class='ocrx_word' id='word_1_196' title='bbox 1635 2147 1794 2189; x_wconf 89' lang='lat' dir='ltr'><strong>vitium</strong></span> <span class='ocrx_word' id='word_1_197' title='bbox 1837 2145 1964 2195; x_wconf 68' lang='lat' dir='ltr'><strong>illud</strong></span> 
     </span>
     <span class='ocr_line' id='line_1_25' title="bbox 353 2224 2017 2279; baseline -0.002 -11"><span class='ocrx_word' id='word_1_198' title='bbox 353 2232 472 2268; x_wconf 88' lang='lat' dir='ltr'><strong>esset</strong></span> <span class='ocrx_word' id='word_1_199' title='bbox 504 2226 808 2267; x_wconf 89' lang='lat' dir='ltr'><strong>observatum.</strong></span> <span class='ocrx_word' id='word_1_200' title='bbox 843 2224 953 2279; x_wconf 81' lang='lat' dir='ltr'><strong>Quis</strong></span> <span class='ocrx_word' id='word_1_201' title='bbox 986 2226 1106 2267; x_wconf 91' lang='lat' dir='ltr'><strong>enirn</strong></span> <span class='ocrx_word' id='word_1_202' title='bbox 1138 2225 1183 2267; x_wconf 77' lang='grc' dir='ltr'><strong>τὸ</strong></span> <span class='ocrx_word' id='word_1_203' title='bbox 1216 2227 1382 2276; x_wconf 72' lang='grc' dir='ltr'><em>μᾶλλον</em></span> <span class='ocrx_word' id='word_1_204' title='bbox 1415 2224 1611 2268; x_wconf 76' lang='grc' dir='ltr'><em>δύνασθαι</em></span> <span class='ocrx_word' id='word_1_205' title='bbox 1644 2224 1848 2268; x_wconf 80' lang='lat' dir='ltr'><strong>tulisset?</strong></span> <span class='ocrx_word' id='word_1_206' title='bbox 1913 2263 1915 2265; x_wconf 79' lang='grc'>,</span> <span class='ocrx_word' id='word_1_207' title='bbox 1964 2225 2017 2276; x_wconf 99' lang='lat'>¹</span> 
     </span>
    </p>

    <p class='ocr_par' dir='ltr' id='par_1_10' title="bbox 355 2298 2030 2765">
     <span class='ocr_line' id='line_1_26' title="bbox 415 2305 2006 2361; baseline 0 -14"><span class='ocrx_word' id='word_1_208' title='bbox 415 2306 559 2348; x_wconf 93' lang='lat' dir='ltr'>Galba</span> <span class='ocrx_word' id='word_1_209' title='bbox 592 2306 658 2347; x_wconf 93' lang='lat' dir='ltr'><strong>IV</strong></span> <span class='ocrx_word' id='word_1_210' title='bbox 702 2305 948 2360; x_wconf 90' lang='lat' dir='ltr'><strong>Postquam</strong></span> <span class='ocrx_word' id='word_1_211' title='bbox 992 2312 1280 2347; x_wconf 92' lang='lat' dir='ltr'><strong>enumeratae</strong></span> <span class='ocrx_word' id='word_1_212' title='bbox 1323 2312 1427 2347; x_wconf 93' lang='lat' dir='ltr'><strong>sunt</strong></span> <span class='ocrx_word' id='word_1_213' title='bbox 1469 2320 1629 2348; x_wconf 90' lang='lat' dir='ltr'><strong>causae</strong></span> <span class='ocrx_word' id='word_1_214' title='bbox 1667 2305 1948 2361; x_wconf 81' lang='lat' dir='ltr'><strong>quibussibi</strong></span> <span class='ocrx_word' id='word_1_215' title='bbox 1991 2305 2006 2330; x_wconf 48' lang='grc' dir='ltr'>Τ</span> 
     </span>
     <span class='ocr_line' id='line_1_27' title="bbox 355 2385 1954 2445; baseline 0.001 -18"><span class='ocrx_word' id='word_1_216' title='bbox 355 2386 699 2441; x_wconf 90' lang='lat' dir='ltr'><strong>provincialium</strong></span> <span class='ocrx_word' id='word_1_217' title='bbox 734 2398 936 2426; x_wconf 91' lang='lat' dir='ltr'><strong>amorem</strong></span> <span class='ocrx_word' id='word_1_218' title='bbox 971 2385 1230 2428; x_wconf 88' lang='lat' dir='ltr'><strong>conciliavit</strong></span> <span class='ocrx_word' id='word_1_219' title='bbox 1264 2385 1422 2436; x_wconf 90' lang='lat' dir='ltr'>Galba,</span> <span class='ocrx_word' id='word_1_220' title='bbox 1454 2387 1518 2428; x_wconf 92' lang='lat' dir='ltr'><strong>sic</strong></span> <span class='ocrx_word' id='word_1_221' title='bbox 1551 2387 1698 2441; x_wconf 87' lang='lat' dir='ltr'><strong>pergit</strong></span> <span class='ocrx_word' id='word_1_222' title='bbox 1729 2385 1954 2445; x_wconf 73' lang='lat' dir='ltr'><strong>narratio:</strong></span> 
     </span>
     <span class='ocr_line' id='line_1_28' title="bbox 355 2457 1964 2521; baseline 0.001 -15"><span class='ocrx_word' id='word_1_223' title='bbox 355 2464 424 2506; x_wconf 72' lang='grc' dir='ltr'><strong>καὶ</strong></span> <span class='ocrx_word' id='word_1_224' title='bbox 469 2464 571 2518; x_wconf 78' lang='grc' dir='ltr'><em>γαρ</em></span> <span class='ocrx_word' id='word_1_225' title='bbox 615 2461 659 2512; x_wconf 79' lang='grc' dir='ltr'><strong>ἦν</strong></span> <span class='ocrx_word' id='word_1_226' title='bbox 701 2464 772 2513; x_wconf 76' lang='grc' dir='ltr'><strong>ἤδη</strong></span> <span class='ocrx_word' id='word_1_227' title='bbox 820 2465 990 2513; x_wconf 73' lang='grc' dir='ltr'><em>συνήθης</em></span> <span class='ocrx_word' id='word_1_228' title='bbox 1039 2463 1127 2511; x_wconf 81' lang='grc' dir='ltr'><strong>ἔτος</strong></span> <span class='ocrx_word' id='word_1_229' title='bbox 1162 2464 1299 2515; x_wconf 75' lang='grc' dir='ltr'><em>ὄγδοον</em></span> <span class='ocrx_word' id='word_1_230' title='bbox 1334 2466 1460 2507; x_wconf 82' lang='grc' dir='ltr'><em>ἐκεῖνο</em></span> <span class='ocrx_word' id='word_1_231' title='bbox 1493 2465 1566 2514; x_wconf 70' lang='grc' dir='ltr'><strong>τὴν</strong></span> <span class='ocrx_word' id='word_1_232' title='bbox 1599 2465 1735 2518; x_wconf 68' lang='grc' dir='ltr'><em>ἀρχὴν</em></span> <span class='ocrx_word' id='word_1_233' title='bbox 1760 2457 1875 2518; x_wconf 54' lang='grc' dir='ltr'><strong>»ἔρρων</strong></span> <span class='ocrx_word' id='word_1_234' title='bbox 1906 2465 1964 2521; x_wconf 38' lang='grc' dir='ltr'><strong>ἐνΚ</strong></span> 
     </span>
     <span class='ocr_line' id='line_1_29' title="bbox 355 2540 1950 2601; baseline 0.001 -15"><span class='ocrx_word' id='word_1_235' title='bbox 355 2540 382 2598; x_wconf 83' lang='grc' dir='ltr'><em>ᾧ</em></span> <span class='ocrx_word' id='word_1_236' title='bbox 416 2545 574 2592; x_wconf 81' lang='grc' dir='ltr'><em>Ἰούνιος</em></span> <span class='ocrx_word' id='word_1_237' title='bbox 623 2545 791 2592; x_wconf 74' lang='grc' dir='ltr'><em>Οὔινδιέ</em></span> <span class='ocrx_word' id='word_1_238' title='bbox 834 2545 1042 2598; x_wconf 73' lang='grc' dir='ltr'><em>ἐπανέστη</em></span> <span class='ocrx_word' id='word_1_239' title='bbox 1086 2545 1238 2598; x_wconf 85' lang='grc' dir='ltr'><em>Νέρωνι</em></span> <span class='ocrx_word' id='word_1_240' title='bbox 1282 2545 1369 2588; x_wconf 79' lang='grc' dir='ltr'><strong>κτὲ.</strong></span> <span class='ocrx_word' id='word_1_241' title='bbox 1415 2547 1577 2601; x_wconf 86' lang='lat' dir='ltr'><strong>Pergit,</strong></span> <span class='ocrx_word' id='word_1_242' title='bbox 1619 2547 1706 2596; x_wconf 88' lang='lat' dir='ltr'><strong>aio,</strong></span> <span class='ocrx_word' id='word_1_243' title='bbox 1739 2546 1950 2596; x_wconf 82' lang='lat' dir='ltr'><strong>narratio,</strong></span> 
     </span>
     <span class='ocr_line' id='line_1_30' title="bbox 356 2624 1951 2681; baseline -0.002 -14"><span class='ocrx_word' id='word_1_244' title='bbox 356 2640 463 2680; x_wconf 89' lang='lat' dir='ltr'><strong>ergo</strong></span> <span class='ocrx_word' id='word_1_245' title='bbox 491 2627 610 2667; x_wconf 89' lang='lat' dir='ltr'><strong>istud</strong></span> <span class='ocrx_word' id='word_1_246' title='bbox 640 2624 723 2677; x_wconf 77' lang='grc' dir='ltr'><em>γαρ</em></span> <span class='ocrx_word' id='word_1_247' title='bbox 753 2626 1046 2667; x_wconf 85' lang='lat' dir='ltr'><strong>eximendum</strong></span> <span class='ocrx_word' id='word_1_248' title='bbox 1076 2632 1157 2668; x_wconf 88' lang='lat' dir='ltr'><strong>est.</strong></span> <span class='ocrx_word' id='word_1_249' title='bbox 1187 2626 1294 2667; x_wconf 92' lang='lat' dir='ltr'><strong>Post</strong></span> <span class='ocrx_word' id='word_1_250' title='bbox 1322 2625 1395 2667; x_wconf 86' lang='grc' dir='ltr'><em>καί</em></span> <span class='ocrx_word' id='word_1_251' title='bbox 1421 2640 1568 2680; x_wconf 91' lang='lat' dir='ltr'><strong>aequo</strong></span> <span class='ocrx_word' id='word_1_252' title='bbox 1585 2626 1752 2676; x_wconf 90' lang='lat' dir='ltr'><strong>animo,</strong></span> <span class='ocrx_word' id='word_1_253' title='bbox 1775 2626 1951 2681; x_wconf 83' lang='lat' dir='ltr'><strong>opinor,</strong></span> 
     </span>
     <span class='ocr_line' id='line_1_31' title="bbox 355 2706 974 2748; baseline 0.005 -2"><span class='ocrx_word' id='word_1_254' title='bbox 355 2706 527 2746; x_wconf 91' lang='lat' dir='ltr'><strong>hiatum</strong></span> <span class='ocrx_word' id='word_1_255' title='bbox 561 2706 665 2746; x_wconf 91' lang='lat' dir='ltr'><strong>tulit</strong></span> <span class='ocrx_word' id='word_1_256' title='bbox 698 2706 974 2748; x_wconf 90' lang='lat' dir='ltr'><strong>Plutarchus.</strong></span> 
     </span>
    </p>

    <p class='ocr_par' dir='ltr' id='par_1_11' title="bbox 355 2767 2028 3011">
     <span class='ocr_line' id='line_1_32' title="bbox 416 2767 2018 2836; baseline 0.001 -10"><span class='ocrx_word' id='word_1_257' title='bbox 416 2785 560 2827; x_wconf 88' lang='lat' dir='ltr'>Galba</span> <span class='ocrx_word' id='word_1_258' title='bbox 588 2786 632 2827; x_wconf 92' lang='lat' dir='ltr'>V</span> <span class='ocrx_word' id='word_1_259' title='bbox 677 2786 920 2827; x_wconf 90' lang='lat' dir='ltr'><strong>Vindicem</strong></span> <span class='ocrx_word' id='word_1_260' title='bbox 949 2786 1072 2828; x_wconf 91' lang='lat' dir='ltr'><strong>Nero</strong></span> <span class='ocrx_word' id='word_1_261' title='bbox 1100 2786 1436 2836; x_wconf 90' lang='lat' dir='ltr'><strong>contemnebat,</strong></span> <span class='ocrx_word' id='word_1_262' title='bbox 1465 2787 1543 2828; x_wconf 93' lang='lat' dir='ltr'><strong>sed</strong></span> <span class='ocrx_word' id='word_1_263' title='bbox 1571 2786 1728 2828; x_wconf 90' lang='lat' dir='ltr'><strong>audito</strong></span> <span class='ocrx_word' id='word_1_264' title='bbox 1756 2772 1948 2828; x_wconf 82' lang='lat' dir='ltr'>Galbam</span> <span class='ocrx_word' id='word_1_265' title='bbox 1983 2767 2018 2835; x_wconf 49' lang='lat' dir='ltr'><strong>ff</strong></span> 
     </span>
     <span class='ocr_line' id='line_1_33' title="bbox 355 2865 1947 2920; baseline 0.001 -15"><span class='ocrx_word' id='word_1_266' title='bbox 355 2865 413 2906; x_wconf 92' lang='lat' dir='ltr'><strong>ab</strong></span> <span class='ocrx_word' id='word_1_267' title='bbox 441 2879 495 2906; x_wconf 93' lang='lat' dir='ltr'><strong>eo</strong></span> <span class='ocrx_word' id='word_1_268' title='bbox 524 2866 580 2905; x_wconf 92' lang='lat' dir='ltr'><strong>ad</strong></span> <span class='ocrx_word' id='word_1_269' title='bbox 610 2866 850 2919; x_wconf 91' lang='lat' dir='ltr'><strong>imperium</strong></span> <span class='ocrx_word' id='word_1_270' title='bbox 878 2872 1089 2907; x_wconf 91' lang='lat' dir='ltr'><strong>vocaturn</strong></span> <span class='ocrx_word' id='word_1_271' title='bbox 1118 2866 1377 2908; x_wconf 92' lang='lat' dir='ltr'><strong>vehementi</strong></span> <span class='ocrx_word' id='word_1_272' title='bbox 1403 2872 1574 2907; x_wconf 91' lang='lat' dir='ltr'><strong>terrore</strong></span> <span class='ocrx_word' id='word_1_273' title='bbox 1601 2871 1670 2907; x_wconf 87' lang='lat' dir='ltr'><strong>est</strong></span> <span class='ocrx_word' id='word_1_274' title='bbox 1697 2865 1947 2920; x_wconf 77' lang='lat' dir='ltr'><strong>perculsus3</strong></span> 
     </span>
     <span class='ocr_line' id='line_1_34' title="bbox 357 2943 1946 2998; baseline 0.001 -13"><span class='ocrx_word' id='word_1_275' title='bbox 357 2945 491 2998; x_wconf 93' lang='lat' dir='ltr'><strong>paulo</strong></span> <span class='ocrx_word' id='word_1_276' title='bbox 525 2950 628 2998; x_wconf 92' lang='lat' dir='ltr'><strong>post</strong></span> <span class='ocrx_word' id='word_1_277' title='bbox 659 2945 829 2989; x_wconf 90' lang='lat' dir='ltr'><strong>scurrili</strong></span> <span class='ocrx_word' id='word_1_278' title='bbox 864 2946 964 2990; x_wconf 88' lang='lat' dir='ltr'><strong>ioco</strong></span> <span class='ocrx_word' id='word_1_279' title='bbox 992 2951 1164 2988; x_wconf 90' lang='lat' dir='ltr'><strong>metum</strong></span> <span class='ocrx_word' id='word_1_280' title='bbox 1191 2946 1315 2988; x_wconf 87' lang='lat' dir='ltr'><strong>illum</strong></span> <span class='ocrx_word' id='word_1_281' title='bbox 1342 2945 1675 2988; x_wconf 91' lang='lat' dir='ltr'><strong>dissimulabat:</strong></span> <span class='ocrx_word' id='word_1_282' title='bbox 1703 2945 1747 2986; x_wconf 78' lang='grc' dir='ltr'><strong>οὐ</strong></span> <span class='ocrx_word' id='word_1_283' title='bbox 1772 2943 1946 2998; x_wconf 71' lang='grc' dir='ltr'><em>Φαύλην</em></span> 
     </span>
    </p>
   </div>
  </div>
 </body>
</html>
