2040 3412
894 289 973 330 281

127 421 182 450 ea
226 407 489 459 coniectura
530 421 649 449 nunc
691 407 959 464 plerumque
1003 406 1234 464 probatur.
1293 410 1359 452 At
1402 423 1503 465 ego,
1547 415 1598 452 ut
1639 410 1729 451 iam

0 503 1 510 ¹
127 487 380 530 concedam
420 501 553 529 versa
585 488 704 544 fides
746 494 870 530 recte
914 490 1003 531 dici
1045 491 1140 532 sive
1173 504 1255 545 pro
1289 504 1344 532 eo
1377 491 1500 545 quod
1534 496 1603 532 est
1633 490 1729 533 sub-

125 582 259 612 versa
281 568 399 625 fides
428 568 523 609 sive
555 568 613 610 ad
646 569 996 623 significandum
1028 572 1204 613 animos
1239 571 1432 613 militum
1460 571 1730 613 Vitelliano-

127 662 226 692 rum
261 661 310 690 se
342 649 620 691 convertisse
653 650 711 691 ad
746 650 1095 705 Vespasianum,
1129 652 1238 706 quid
1273 665 1391 693 nunc
1425 653 1544 694 istud
1583 652 1729 707 „apud

127 727 429 771 Vitellianos”
461 729 547 771 sibi
580 729 690 771 velit
722 744 847 785 rogo.
878 731 1013 773 Nulla
1045 732 1167 773 enim
1195 731 1268 773 hic
1298 731 1348 773 fit
1377 733 1621 786 oppositio,
1649 733 1728 774 sed

126 813 174 855 et
209 809 453 865 impunitas
485 809 560 851 illa
593 815 639 851 et
669 811 881 853 subversa
902 810 989 853 'illa
1023 811 1094 854 vel
1126 826 1335 854 conversa
1357 812 1478 867 fides
1509 812 1554 853 in
1598 811 1729 854 Vitel-

127 889 264 932 lianis
303 890 461 931 castris
503 903 630 932 suam
671 891 757 932 sibi
799 893 955 934 sedem
999 892 1185 934 nabent.
1230 892 1582 934 Pulcherrimam
1620 906 1729 934 vero

126 969 416 1020 sententiam,
459 970 586 1012 cuius
628 971 833 1013 membra
870 972 1051 1027 egregie
1084 973 1202 1014 inter
1233 966 1285 1015 se
1313 978 1618 1027 opponantur,
1651 972 1730 1014 ob-

126 1049 324 1093 tinemus
366 1063 449 1105 pro
491 1051 628 1093 verba
671 1051 868 1106 legendo
912 1066 1003 1094 non
1045 1042 1178 1095 versa
1209 1053 1288 1094 sed
1322 1053 1604 1094 correctione
1638 1066 1729 1094 non

126 1130 275 1172 minus
316 1129 420 1180 leni,
464 1130 654 1172 fortasse
687 1131 869 1173 leniori:
901 1140 1046 1175 certa:
1080 1133 1297 1187 quamdiu
1334 1133 1456 1187 apud
1491 1132 1730 1174 Vitellium

127 1210 345 1254 manebat
375 1210 519 1261 miles,
547 1212 734 1267 impune
763 1213 959 1266 quodvis
986 1213 1207 1267 flagitium
1234 1213 1521 1254 committere
1550 1219 1732 1268 poterat

126 1290 189 1346 (et
216 1291 454 1348 flagitium
498 1292 543 1333 in
578 1306 624 1333 re
659 1292 840 1334 militari
874 1293 983 1347 quid
1006 1299 1136 1334 ‘esset
1169 1293 1366 1334 diximus
1399 1307 1501 1347 pag.
1535 1293 1593 1335 66
1624 1293 1729 1347 sq.);

125 1370 400 1426 simulatque
452 1371 676 1414 transibat
724 1373 782 1413 ad
826 1372 1160 1427 Vespasianum
1210 1378 1384 1414 certum
1434 1373 1474 1413 ei
1523 1378 1732 1427 paratum

126 1457 224 1494 erat
258 1452 524 1508 praemium.
562 1452 835 1494 Vitellianus
877 1467 986 1508 ergo
1029 1453 1158 1494 miles
1198 1452 1314 1494 male
1354 1466 1400 1494 se
1433 1453 1649 1507 gerendo,
1683 1457 1733 1494 ut

127 1542 210 1575 nos
249 1531 490 1587 loquimur,
540 1533 774 1587 „amittere
817 1539 999 1588 poterat
1042 1533 1153 1575 nihil
1194 1533 1356 1575 lucrari
1399 1532 1584 1574 multa.’'
1634 1531 1731 1585 „Ac

131 1613 354 1668 reliquum
399 1614 618 1669 perfidiae
662 1614 924 1656 certamen”
968 1614 1154 1663 Tacitus
1185 1615 1329 1664 addit,
1364 1614 1391 1655 i.
1425 1628 1463 1655 e.
1497 1613 1736 1655 certabant

129 1707 238 1749 ergo
281 1694 400 1736 inter
442 1708 491 1736 se
534 1695 634 1749 quis
667 1709 758 1737 non
791 1696 1017 1750 servando
1049 1701 1335 1755 sacramento
1369 1709 1450 1736 suo
1485 1694 1733 1735 maximum

90 1789 93 1791 ’
117 1779 250 1816 *esset
280 1773 481 1816 facturus
512 1774 702 1817 lucrum.

187 1934 246 1976 H.
281 1935 362 1986 III,
396 1935 467 1990 63.
501 1936 755 1977 Transituri
793 1949 901 1990 ergo
934 1936 980 1977 in
1014 1941 1166 1990 partes
1195 1935 1429 1978 Vitelliani
1459 1935 1623 1976 milites
1650 1934 1734 1975 sub

125 2015 265 2070 signis
309 2015 577 2070 vexillisque
619 2016 665 2057 in
709 2030 898 2071 campos
941 2017 1139 2058 Narniae
1171 2017 1401 2058 subiectos
1433 2016 1732 2064 descendunt,

129 2095 207 2138 ubi
238 2096 391 2138 densis
424 2097 659 2139 ordinibus
690 2103 813 2139 stant
848 2097 1080 2139 Flaviani:

195 2176 418 2232 „Accepti
451 2177 496 2218 in
531 2177 733 2219 medium
766 2177 1002 2218 Vitelliani
1031 2182 1076 2218 et
1105 2177 1409 2218 circumdatos
1438 2177 1611 2218 Primus
1639 2175 1735 2217 An-

130 2258 283 2299 tonius
325 2257 574 2299 clementer
606 2258 881 2311 adloquitur.
925 2258 1031 2299 Pars
1065 2258 1276 2308 Narniae,
1310 2272 1414 2312 pars
1447 2258 1735 2299 Interamnae

129 2338 374 2380 subsistere
417 2338 547 2389 iussi3
592 2338 776 2380 relictae
819 2339 951 2380 simul
984 2352 1009 2380 e
1042 2339 1303 2380 victricibus
1335 2339 1551 2393 legiones,
1586 2351 1734 2392 neque

130 2419 470 2473 quiescentibus
502 2433 663 2473 graves
697 2425 743 2460 et
774 2420 991 2461 adversus
1024 2420 1360 2461 contumaciam
1393 2418 1615 2460 validae.'’

191 2500 327 2542 Haud
356 2500 494 2542 dubie
521 2501 710 2556 legiones
737 2506 1000 2555 corruptum
1029 2506 1119 2551 est3
1151 2514 1241 2542 non
1271 2501 1392 2542 enim
1422 2514 1611 2554 magnus
1639 2505 1735 2541 erat

128 2580 203 2622 ille
252 2582 494 2622 custodum
542 2595 775 2630 numerus,
824 2581 1050 2635 siquidem
1098 2581 1277 2622 disertis
1325 2581 1543 2622 docemur
1584 2579 1735 2621 verbis

128 2660 328 2714 sufficere
358 2669 451 2711 eos,
486 2661 596 2702 nihil
629 2661 835 2715 amplius,
870 2661 928 2702 ad
962 2661 1217 2711 dediticios,
1247 2661 1282 2701 si
1310 2674 1424 2715 opus
1452 2666 1560 2710 erat,
1591 2660 1735 2701 conti-

132 2741 322 2782 nendos.
355 2740 417 2782 Et
450 2741 651 2795 ipsorum
685 2740 1050 2790 Vitellianorum,
1086 2741 1162 2795 qui
1196 2742 1240 2782 in
1270 2746 1422 2795 partes
1449 2740 1736 2790 transierant,

133 2833 172 2861 c.
216 2820 272 2876 67
314 2820 506 2875 legimus
554 2821 687 2862 fuisse
735 2835 868 2862 unam
917 2821 1145 2875 legionem
1193 2827 1240 2861 et
1287 2820 1462 2874 aliquot
1509 2820 1740 2861 cohortes.

136 2900 234 2941 Hos
267 2901 478 2955 pluribus
519 2901 774 2955 legionibus
816 2901 1045 2942 custodire
1089 2901 1205 2942 velle
1248 2901 1493 2942 absurdum
1535 2905 1616 2941 est.
1652 2899 1738 2940 Le-

134 2982 336 3037 gendum
391 2995 580 3024 censeo:
642 2981 851 3034 „relictae
905 2981 1037 3022 simul
1093 2995 1117 3022 e
1173 2981 1434 3023 victricibus
1489 2980 1736 3036 legionibus
