2040 3412
1145 259 1222 303 192

384 374 505 417 rent,
555 369 796 422 quominus
845 369 963 409 istud
1012 369 1367 422 exploratoribus
1413 383 1437 410 e
1485 375 1614 411 textu
1662 370 1860 413 eximere
1961 379 1994 392 “

444 448 501 489 Η.
548 448 581 497 Ι,
628 458 695 502 27.
745 447 925 502 „(Oth0)
970 448 1054 488 sub
1087 448 1248 489 aedem
1282 447 1463 490 Saturni
1496 449 1656 503 pergit.
1706 449 1774 490 Ibi
1806 454 1899 493 tres

386 529 546 582 viginti
588 527 896 581 speculatores
940 528 1272 568 consalutatum
1312 529 1632 582 imperatorem
1665 542 1717 570 ac
1750 529 2015 584 paucitate

386 609 678 650 salutantium
722 608 1135 662 trepidum,·sellae
1159 607 1186 662 ¹)
1221 608 1486 651 festinanter
1519 609 1780 664 impositum
1810 598 2034 657 strictis'ss*

387 688 677 729 mucronibus
719 688 923 742 rapiunt:
959 688 1153 730 totidem
1187 688 1326 729 ferme
1361 688 1523 730 milites
1556 690 1599 730 in
1632 689 1793 732 itinere
1823 689 2026 745 ειᾱςωεςχ

386 774 564 824 gantur,
607 767 681 809 alii
724 768 1015 817 conscientia,
1060 767 1264 822 plerique
1308 768 1536 818 miraculo,
1580 782 1684 823 pars
1715 768 1912 811 clamore
1939 748 2021 813 ῥίῳ

382 849 566 904 gladiis,
600 862 704 903 pars
736 847 959 910 silentio?
1232 828 1235 831 Ι

448 929 635 970 Frustra
677 928 960 968 desudarunt
1004 927 1160 977 critici,
1190 928 1279 981 qui
1324 941 1407 982 pro
1438 936 1480 970 et
1504 928 1676 983 gladiis
1706 927 2012 973 coniecerim*

388 1017 430 1052 et
450 1009 635 1064 gaudiis
661 1007 733 1049 vel
761 1015 803 1049 et
822 1008 1003 1062 gaudio.
1040 1007 1122 1048 Est
1150 1007 1269 1048 enim
1293 1007 1464 1062 gladiis
1490 1008 1726 1050 annotatio
1753 1006 2006 1064 adscripta·
2012 1012 2031 1072 μ’

390 1089 613 1132 vocabulo
642 1088 931 1137 mucronibus,
959 1102 1075 1142 quae
1103 1089 1147 1129 in
1175 1088 1368 1129 alienam
1395 1089 1622 1130 aberravit
1639 1089 1809 1139 sedem,
1827 1089 2029 1144 ibique,

390 1170 709 1212 coniunctione
741 1177 784 1211 et
814 1168 1194 1223 praecedentibus
1228 1168 1376 1209 verbis
1409 1174 1478 1210 est
1511 1169 1806 1223 agglutinata.
2013 1215 2034 1234 a

452 1251 510 1292 H.
545 1251 625 1299 III,
666 1262 730 1304 19.
765 1249 847 1290 Per
875 1249 1086 1290 tenebras
1114 1249 1260 1290 noctis
1288 1249 1446 1290 urbem
1475 1248 1746 1291 Cremonam
1773 1249 1987 1304 diripien·
2006 1247 2020 1302 ζ

392 1333 497 1374 dam
542 1345 638 1372 esse
682 1329 847 1371 milites
891 1330 1077 1383 quidam
1114 1343 1172 1370 ex
1207 1329 1426 1370 Flaviano
1459 1329 1658 1372 clamant
1689 1329 1905 1380 exercitu,
1933 1319 2037 1373 *etssss

391 1412 489 1454 aliis
520 1412 587 1453 usi
619 1410 896 1464 argumentis
928 1415 974 1450 et
1008 1408 1116 1450 hoc:
1900 1406 1902 1408 ’
2026 1389 2028 1394 ⁸

458 1493 518 1545 „si
561 1492 709 1533 lucem
752 1490 1027 1545 operiantur,
1071 1489 1159 1530 iam
1200 1503 1374 1543 pacem,
1408 1489 1496 1530 iam
1530 1503 1702 1544 preces,
1734 1495 1782 1532 et
1813 1481 2029 1545 prola-⁴.

395 1573 504 1614 bore
547 1586 599 1613 ac
642 1571 903 1612 vulneribus
946 1569 1236 1611 clementiam
1279 1575 1325 1611 et
1368 1569 1574 1623 gloriam,
1607 1570 1772 1620 inania,
1804 1570 2018 1622 laturos,

394 1654 473 1694 sed
517 1666 628 1707 opes
661 1651 1035 1693 Cremonensium
1068 1650 1112 1691 in
1145 1650 1243 1691 sinu
1278 1649 1610 1703 praefectorum
1642 1649 1987 1704 legatorumque

394 1732 533 1774 sore.”
1620 1783 1621 1786 Ἴ
2013 1719 2019 1726 κ

453 1813 600 1867 Quam
644 1812 824 1866 egregie
868 1810 990 1853 dicta
1033 1810 1143 1851 haec
1186 1810 1298 1859 sint,
1342 1823 1479 1863 quam
1523 1809 1751 1864 praeclare
1793 1806 2010 1852 militum

393 1892 591 1934 referant
619 1897 833 1940 mentem,
864 1890 1061 1944 praedae
1085 1889 1354 1931 inhiantium
1373 1890 1654 1944 ducibusque
1671 1889 2038 1956 invidentium,j

395 1973 431 2014 si
476 1973 575 2027 quis
607 1971 747 2012 semel
781 1970 982 2019 senserit,
1019 1983 1110 2011 non
1144 1969 1257 2011 feret
1291 1969 1406 2011 ultra
1434 1970 1721 2012 adiacentem
1753 1970 1823 2013 his
1854 1955 2027 2026 insul-25

396 2054 616 2094 sissimam
661 2050 914 2105 magistelli,
959 2050 1050 2104 qui,
1095 2055 1144 2091 ut
1177 2050 1239 2091 ita
1273 2050 1436 2100 dicam,
1469 2050 1567 2104 ipso
1601 2051 1725 2092 vocis
1755 2064 1804 2093 se
1835 2040 2037 2107 prodit}

399 2146 526 2183 sono,
552 2130 996 2174 annotatiunculam:
1027 2135 1341 2184 „expugnatae
1360 2130 1481 2171 urbis
1499 2131 1716 2184 praedam
1732 2131 1791 2173 ad
1810 2125 2025 2191 τηίΙίῒεε,ς’.

401 2214 583 2255 deditae
617 2213 673 2253 ad
708 2213 845 2253 duces
878 2209 1132 2265 pertinere”
1151 2209 1197 2264 ²).
2009 2188 2029 2197 Γ

460 2293 519 2334 H.
555 2292 635 2333 IV.
672 2302 740 2332 22.
775 2290 929 2332 Civilis
960 2295 1108 2331 castra
1139 2290 1449 2331 Romanorum
1481 2289 1741 2345 oppugnat:
2014 2334 2029 2346 ,ι

464 2371 630 2426 „Spem
658 2370 1021 2425 obpugnantium
1047 2369 1244 2423 augebat
1266 2369 1520 2423 amplitudo
1539 2370 1656 2420 valli,
1675 2372 1798 2425 quod
1816 2362 2020 2425 duabqu

400 2453 654 2506 legionibus
687 2451 822 2492 situm
855 2450 932 2491 vix
964 2450 1164 2502 quinque
1192 2449 1315 2490 milia
1340 2455 1616 2492 armatorum
1645 2430 2032 2510 [Κοωὲῇοτιιιιήᾗ

401 2530 689 2574 tuebantur.’'

463 2614 676 2667 Ineptum
720 2610 838 2651 istud
870 2610 1171 2651 Romanorum
1205 2621 1295 2649 non
1329 2614 1397 2649 est
1430 2609 1474 2650 in
1507 2610 1740 2652 codicibus
1775 2586 2030 2665 „deterio-ssl

460 2766 494 2810 1)
522 2768 616 2798 Ante
641 2767 744 2798 sellae
768 2767 805 2798 in
831 2766 951 2798 codice
977 2765 1104 2807 legitur
1124 2764 1324 2796 coniunctio
1344 2770 1388 2808 et,
1410 2776 1526 2809 quam,
1547 2770 1585 2798 ut
1606 2767 1712 2800 totius
1732 2766 1802 2800 loci
1822 2768 2012 2825 constaret¹
2021 2765 2027 2792 ἱ

408 2825 509 2867 ratio,
535 2835 600 2867 ego
627 2821 2016 2864 exemi.

455 2882 492 2925 2)
529 2884 617 2914 Rem
651 2882 867 2914 verissimam
900 2881 1225 2923 apertissimamque
1250 2880 1381 2922 primus
1406 2882 1601 2914 mortalium
1627 2883 1805 2926 perspexit
1829 2893 1862 2916 ν.
1887 2883 1922 2916 d.
1946 2855 2017 2922 fi?

414 2940 462 2970 Μ.
490 2940 662 2982 Leopold,
687 2950 791 2981 quem
817 2944 897 2971 ante
923 2949 1034 2980 pauco
1077 2948 1187 2970 annos
1212 2938 1421 2980 discipulum
1447 2939 1552 2972 habui
1576 2940 1800 2974 carissimum.
