2040 3412
897 283 978 338 285

197 406 306 448 „nec
347 395 512 450 opibus
554 397 774 441 societate
806 400 1077 445 validiorum
1111 388 1254 447 attriti
1290 406 1426 460 (viros
1460 414 1637 452 tanturn
1672 425 1741 453 ar·

44 462 65 525 .
131 487 301 530 maque
343 475 536 531 imperio
580 479 916 537 ministrabant)
961 484 1037 526 diu
1072 484 1352 529 Germanicis
1384 489 1513 531 bellis
1546 492 1735 534 exerciti

40 559 46 587 τ
131 567 172 597 e.
190 567 234 610 q.
252 554 319 597 S.”

53 615 63 621 ι
192 633 312 677 Nam
355 637 479 690 quod
512 638 665 692 opibus
696 645 764 681 est
796 641 1021 684 ablativus
1055 658 1098 699 q.
1118 646 1161 686 d.
1194 648 1348 700 partis,
1381 650 1581 692 societate
1612 652 1736 694 abla-

7 698 10 701 *
46 708 55 733 '³
129 714 252 757 tivus
297 728 460 758 causae
502 717 547 759 in
591 718 755 761 Tacito
799 721 988 764 fortasse
1031 724 1134 766 ferri
1176 726 1316 768 debet
1356 734 1613 784 potestque.
1657 732 1734 773 An

53 820 56 827 f
128 794 280 849 opibus
305 797 794 851 quoque‘delendum?
823 801 986 844 Carere
1014 810 1137 846 certe
1165 819 1220 847 eo
1239 808 1462 850 vocabulo
1481 823 1734 864 possumuS.

190 874 262 917 De
295 875 478 919 Batavis
510 879 675 920 eodem
708 882 859 935 capite
892 875 938 924 et
971 884 1083 926 haec
1116 885 1350 951 leguntur:
1643 890 1646 892 ’

193 954 365 1012 „Erant
406 962 454 998 et
499 958 624 1000 domi
668 959 872 1003 delectus
915 976 1089 1027 equess·
1113 968 1360 1022 praecipuo
1395 971 1532 1011 nandi
1565 973 1729 1023 studio,

122 1036 254 1077 'arma
280 1049 516 1092 equosque
545 1039 746 1082 retinens
774 1042 961 1096 integris
988 1046 1148 1087 turmis
1168 1047 1378 1090 Rhenum
1397 1053 1734 1107 perrumpere.’'

190 1114 277 1157 Pro
307 1124 441 1159 erant
471 1123 595 1160 recte
628 1120 897 1176 plerumque
930 1124 1080 1166 editur
1105 1135 1218 1177 erat,
1247 1129 1415 1171 deinde
1443 1131 1487 1172 in
1516 1132 1606 1173 fine
1633 1132 1734 1184 loci,

97 1249 99 1252 .
127 1199 178 1236 ut
209 1195 421 1238 infinitivi
450 1204 679 1241 constaret
711 1202 840 1252 ratio,
875 1203 950 1244 alii
977 1213 1136 1256 suetus,
1171 1207 1245 1249 alii
1277 1210 1445 1260 solitus,
1473 1211 1547 1252 alii
1570 1214 1734 1255 exerci-

127 1281 210 1326 tus,
245 1275 321 1318 alii
354 1277 552 1333 denique
589 1280 741 1323 doctus
777 1283 1063 1336 adiecerunt,
1107 1301 1301 1341 quorum
1344 1291 1454 1344 nihil
1498 1298 1565 1333 est
1609 1295 1731 1348 quod

128 1367 220 1398 non
247 1363 450 1410 praestet
478 1357 658 1402 illorum
686 1363 938 1413 conatibus,
967 1366 1044 1419 qui
1074 1380 1131 1407 ex
1158 1377 1290 1411 erant
1315 1369 1538 1413 fecerunt:
1567 1382 1732 1424 suerat,

127 1435 356 1486 adsuerat,
401 1438 604 1482 insuerat
644 1441 791 1483 simm.
836 1443 1107 1487 Admodum
1149 1446 1363 1502 languida
1395 1456 1549 1494 tamen
1578 1456 1732 1497 omnia

126 1516 203 1559 illa
234 1524 340 1560 sunt
371 1520 701 1563 additamenta.
736 1523 966 1578 Equidem
999 1527 1062 1568 sic
1095 1527 1340 1582 legendum
1373 1546 1561 1575 censeo:

192 1597 330 1652 „Erat
371 1605 419 1641 et
462 1601 586 1651 domi
625 1602 829 1645 delectus
863 1619 1015 1660 eques,
1050 1610 1296 1664 praecipuo
1330 1613 1467 1653 nandi
1500 1615 1651 1657 studio
1685 1624 1734 1658 ut

125 1690 252 1720 arma
278 1692 513 1734 equosque
541 1682 742 1725 retinens
769 1685 956 1740 integris
973 1690 1132 1730 turmis
1151 1690 1361 1734 Rhenum
1372 1695 1731 1750 perrumperet.'’

55 1755 61 1759 Ἰ
123 1778 126 1779 ’
192 1757 253 1801 Ut
278 1775 333 1794 Ξ
360 1761 423 1802 sic
455 1766 518 1811 ut,
552 1767 683 1805 tanto
715 1766 867 1807 studio
900 1772 962 1808 ut.

186 1918 245 1961 H.
273 1920 355 1971 IV,
387 1933 457 1975 34.
487 1921 641 1965 Civilis
669 1925 909 1968 obsidione
938 1927 1113 1970 clausos
1142 1930 1375 1974 Romanos
1402 1939 1564 1977 tenens
1582 1942 1732 1979 osten-

72 2009 74 2011 ’
123 2000 276 2045 tandis
318 2001 497 2043 vexillis
529 2003 760 2059 signisque
793 2008 939 2061 captis
972 2022 1050 2050 eos
1083 2015 1133 2051 ut
1164 2017 1311 2054 castra
1343 2013 1515 2056 dedant
1546 2017 1730 2071 adigere

125 2086 328 2123 conatur.
357 2082 569 2125 Frustra:
599 2099 713 2126 unus
738 2087 859 2128 enim
888 2102 911 2129 e
941 2090 1134 2144 captivis
1162 2091 1281 2134 clara
1310 2107 1423 2135 voce
1455 2109 1532 2137 eos
1565 2097 1730 2139 edocet

123 2172 228 2202 eum
261 2175 359 2203 esse
388 2162 720 2207 Germanorum
747 2173 918 2209 statum
946 2174 995 2210 ut
1025 2170 1243 2213 Romanis
1273 2173 1457 2216 minime
1485 2176 1542 2217 sit
1570 2178 1729 2232 despe-

122 2241 330 2283 randum.
364 2242 561 2286 Addunt
588 2247 726 2288 etiam
754 2249 930 2290 animos
957 2250 1085 2304 ignes
1113 2252 1333 2304 villarum,
1358 2257 1729 2311 appropinquan-

121 2321 180 2362 tis
221 2322 411 2365 subsidii
454 2325 646 2379 signum.
689 2326 880 2370 Alacres
922 2343 1032 2384 ergo
1075 2331 1297 2394 proelium
1332 2335 1497 2377 milites
1532 2337 1726 2380 Romani

121 2407 340 2455 poscunt:

185 2483 284 2536 „Ne
315 2489 525 2540 tempore
558 2488 744 2542 quidem
778 2490 835 2531 ad
870 2491 1171 2533 ordinandam
1205 2494 1348 2536 aciem
1377 2502 1525 2551 capto,
1555 2498 1727 2541 incom-
1790 2527 1795 2536 2

121 2563 257 2617 positi
299 2563 494 2620 fessique
537 2568 761 2621 proelium
805 2583 1052 2625 sumpsere.
1088 2572 1206 2613 Nam
1240 2573 1394 2616 Civilis
1426 2576 1598 2628 aderat,
1633 2592 1724 2621 non

121 2643 269 2685 minus
300 2645 421 2687 vitiis
453 2660 591 2701 quam
624 2649 792 2691 virtute
824 2664 1007 2692 suorum
1042 2651 1226 2693 fretus.”

178 2723 325 2775 Nam;
359 2727 484 2768 cuius
517 2742 625 2783 ergo
659 2730 722 2770 rei
751 2730 823 2770 hic
852 2731 967 2771 ratio
995 2731 1225 2773 redditur?
1255 2733 1430 2776 Nullius
1459 2742 1508 2777 ut
1536 2739 1722 2792 opinor:

118 2804 268 2858 pergit
309 2809 631 2850 tantummodo
675 2811 887 2851 narratio.
933 2811 1055 2865 Ergo
1099 2826 1181 2866 pro
1224 2828 1326 2855 nam
1368 2815 1612 2870 legendum
1655 2825 1724 2861 est

117 2883 209 2925 iam
242 2885 327 2935 vel,
361 2888 485 2940 quod
520 2895 721 2942 praestat
755 2891 906 2939 etiam,
941 2892 1128 2945 iamque.
