2040 3412
1102 291 1187 334 230

348 399 445 440 aliis
493 399 688 440 metallis
738 401 816 441 sed
868 414 1030 454 purum
1079 407 1238 456 putum
1278 416 1302 443 e
1344 408 1462 444 terra
1505 404 1743 457 provenire
1785 386 2011 451 aurur‘n„-³

349 479 668 521 declamabant
682 498 690 521 :

413 573 646 613 „quaeque
701 560 788 602 alia
844 575 1020 603 summa
1074 562 1282 605 facundia
1331 577 1414 604 nec
1464 563 1636 606 minore
1683 563 1943 607 adulatione

349 640 594 694 fingebant,
630 642 773 683 securi
810 642 866 683 de
900 642 1117 684 facilitate
1149 643 1418 685 credentis.”
1632 693 1638 698 ⁴

409 721 496 762 Hic
524 735 572 762 se
602 722 881 775 magistellus
908 723 1141 763 continere
1170 736 1260 764 non
1290 724 1438 777 potuit
1456 724 1564 777 quin
1582 724 1942 778 indignationem

348 813 474 841 suam
515 801 560 841 in
595 802 796 855 margine
829 802 1093 843 annotando
1131 802 1362 855 „servilia”
1395 803 1682 857 significaret.
1733 803 1794 846 Et
1824 818 1943 846 nunc

349 880 392 920 in
433 886 561 921 textu
595 880 781 935 legitur:
820 895 1052 936 „quaeque
1085 882 1172 923 alia
1203 896 1378 924 summa
1411 883 1621 925 facundia
1653 897 1737 926 nec
1770 885 1954 945 minore!
2019 883 2023 894 ³

348 959 623 1001 adulatione
668 960 848 1002 servilia
896 949 1182 1015 fingebant'’'!
1248 961 1338 1004 Sed
1386 963 1660 1017 quicumque
1707 963 1943 1006 Taciteam

349 1041 602 1081 orationem
648 1040 790 1095 probe
834 1046 990 1082 notam
1033 1041 1172 1097 habet
1214 1047 1442 1096 amatque,
1487 1056 1545 1083 ex
1583 1042 1830 1098 exemplari
1861 1056 1943 1085 suo

349 1120 658 1174 importunum
690 1120 809 1161 istud
842 1121 1027 1162 servilia
1059 1121 1229 1162 eradet.

410 1200 468 1241 A.
503 1200 630 1250 XVI,
664 1200 705 1241 6.
741 1200 811 1241 De
845 1200 999 1243 funere
1033 1201 1275 1255 Poppaeae
1308 1208 1354 1242 et
1385 1201 1472 1242 alia
1505 1207 1551 1243 et
1583 1202 1695 1244 haec
1727 1201 1943 1256 legimus:

415 1279 616 1334 „Corpus
658 1293 748 1321 non
782 1280 873 1334 igni
907 1280 1143 1330 abolitum,
1178 1287 1227 1322 ut
1261 1281 1493 1323 Romanus
1527 1294 1638 1331 mOS,
1671 1281 1751 1333 sed
1785 1294 1942 1336 regum

350 1365 641 1400 externorum
674 1361 1001 1401 consuetudine
1035 1360 1263 1402 differtum
1296 1361 1512 1402 odoribus
1545 1361 1768 1411 conditur,
1795 1361 1944 1404 tuinu-

350 1439 484 1493 loque
519 1439 732 1480 Iuliorum
765 1439 997 1481 infertur.”

414 1519 501 1560 Hic
548 1519 767 1573 Agricola
814 1534 895 1574 pro
941 1521 1168 1562 Romanus
1215 1520 1325 1574 legit
1371 1520 1602 1570 Romanis,
1649 1521 1773 1574 quod
1819 1525 1942 1562 certe

353 1599 550 1640 colorem
585 1600 727 1653 magis
762 1599 974 1640 Latinum
1009 1601 1240 1654 magisque
1274 1600 1510 1641 Taciteum
1539 1599 1692 1642 habet.
1726 1599 1817 1643 Sed
1843 1600 1944 1655 quis

351 1680 508 1720 credat
555 1679 787 1720 hominem
833 1671 1090 1720 Roman'um
1134 1679 1398 1734 aequalibus
1440 1680 1713 1721 scribentem
1756 1679 1944 1722 omnino

351 1758 569 1800 adiecisse
603 1758 772 1812 aliquid
806 1755 939 1812 quale
971 1765 1040 1800 est
1072 1759 1191 1800 istud
1226 1768 1275 1802 ut
1303 1759 1517 1802 Romanis
1543 1758 1662 1802 mos?
1694 1759 1808 1802 Cum
1836 1773 1945 1802 vero

354 1839 570 1879 traditum
595 1843 754 1896 *exstet
786 1839 1023 1888 Romanus,
1058 1840 1211 1880 statim
1246 1839 1545 1894 magistellum
1573 1839 1872 1894 agnoscimus,
1899 1845 1946 1886 et

352 1932 454 1959 eum
488 1919 672 1972 quidem
707 1918 1022 1972 magistellum,
1057 1919 1181 1960 cuius
1215 1933 1373 1974 parum
1402 1925 1612 1961 accurata
1639 1919 1696 1960 sit
1724 1919 1945 1962 doctrina.

353 1999 457 2039 Non
501 1999 620 2039 enim
664 2004 868 2040 vetustus
911 2004 979 2040 est
1023 1999 1143 2053 apud
1184 1999 1416 2041 Romanos
1450 2012 1548 2040 mos
1579 2012 1820 2054 corporum
1852 2012 1946 2040 cre-

353 2078 635 2119 mandorum.

412 2157 470 2198 A.
507 2157 634 2206 XVI,
676 2168 740 2199 10.
777 2157 828 2198 L.
867 2157 1014 2198 Vetus
1047 2157 1090 2198 in
1119 2158 1365 2199 Formiano
1382 2172 1463 2199 suo
1481 2158 1943 2208 custodia,aNerone

353 2237 551 2277 immissa
583 2237 911 2277 circumdatur:

417 2316 599 2368 „aderat
631 2316 733 2365 filia,
767 2329 902 2370 super
934 2316 1145 2371 ingruens
1173 2317 1421 2371 periculum
1447 2317 1585 2371 longo
1613 2316 1770 2358 dolore
1795 2322 1941 2368 atrox,

354 2409 411 2436 ex
455 2409 546 2449 quo
590 2410 880 2450 percussores
915 2397 1073 2447 Plauti,
1107 2398 1255 2438 mariti
1287 2399 1354 2439 sui
1386 2398 1585 2448 viderat;
1619 2403 1944 2454 cruentamque

353 2476 578 2516 cervicem
607 2475 701 2516 eius
730 2489 803 2516 am
811 2476 946 2530 plexa
964 2478 1174 2518 servabat
1190 2479 1447 2533 sanguinem
1465 2486 1507 2520 et
1519 2485 1658 2519 vestes
1675 2463 1947 2533 respersasss'

414 2554 486 2596 Sic
521 2560 590 2595 est
623 2555 667 2596 in
701 2556 859 2596 codice
892 2562 938 2597 et
969 2557 1032 2597 sic
1066 2557 1332 2611 plerumque
1365 2558 1625 2599 etiamnunc
1659 2557 1821 2599 editur.
1854 2555 1945 2600 Sed

354 2635 619 2676 iamdudum
660 2636 769 2689 quid
802 2636 951 2677 Taciti
985 2637 1093 2690 quid
1126 2638 1462 2691 interpolatoris
1492 2638 1550 2679 sit
1583 2643 1774 2679 constat.
1823 2637 1946 2680 Illius

355 2714 474 2754 enim
531 2728 717 2756 manum
766 2716 966 2757 restituit
1014 2716 1228 2757 Heinsius
1275 2716 1492 2771 legendo:
1549 2717 1765 2772 sanguine
1808 2725 1947 2760 vestes
2013 2712 2040 2767 s

353 2801 594 2846 respersas.

413 2871 471 2911 A.
516 2872 643 2921 XVI,
685 2884 749 2927 17.
785 2874 959 2915 Lucani
993 2880 1135 2928 pater,
1170 2874 1388 2916 Annaeus
1423 2875 1556 2925 Mela,
1591 2875 1658 2917 vir
1689 2875 1941 2931 praedives,

353 2956 587 3006 tamquam
621 2953 827 2996 conscius
860 2954 1181 2996 coniurationis
1214 2960 1471 2996 accusatur:
