2040 3412
885 284 971 328 249

42 398 60 435 ‘j
120 392 407 435 reconditum
447 406 506 434 ex
538 392 591 434 iis
625 393 772 444 rebus,
807 408 924 449 quae
957 395 1216 437 mortalium
1249 394 1369 436 facta
1401 399 1648 444 excusant,·
1667 394 1725 436 ad

120 472 451 527 ignoscendum
484 472 618 514 fuisse
653 474 881 528 paratos.”
914 474 1129 530 Sequitur
1161 489 1269 530 ergo
1299 481 1347 516 ut
1374 474 1615 516 verisimile
1643 488 1726 516 non

120 553 180 595 sit
211 552 403 594 deorum
436 552 547 594 iram
581 553 677 594 istis
710 554 931 596 imbribus
963 555 1266 610 significatam
1300 555 1447 597 fuisse.
1484 554 1543 596 Et
1571 568 1726 596 revera

118 632 231 675 illud
270 633 516 674 Furneaux
550 633 820 688 Nipperdeii
854 635 1163 689 explicationi,
1200 649 1336 690 quam
1371 635 1549 690 probat,
1583 634 1726 676 addit.

122 711 214 756 Sed
257 726 405 767 neque
448 714 636 755 omnino
679 714 900 756 eiusmodi
937 716 993 756 de
1027 716 1251 770 portentis
1285 716 1537 770 opiniones,
1572 714 1727 769 quales

33 790 61 845 {J
121 793 195 835 hic
226 792 364 848 vulgo
396 793 669 843 tribuuntur,
699 794 894 835 refutare
927 794 1044 836 solet
1077 794 1262 836 Tacitus
1291 795 1379 849 (est
1409 795 1529 836 enim
1557 799 1603 835 et
1629 794 1725 848 ipse

121 873 231 915 satis
263 870 555 928 δεισιδαίμων),
591 879 637 915 et
669 874 741 915 hic
770 875 892 929 vulgi
908 875 1340 930 interpretationem
1369 876 1421 916 iis
1453 875 1599 916 verbis
1627 888 1726 915 nar-

121 953 287 995 rationi
329 966 437 994 suae
466 954 670 995 annectit
705 954 867 1009 („adeo
899 955 1093 997 turbidis
1124 955 1344 998 imbribus
1378 954 1472 1010 ut'’)
1506 961 1555 996 ut
1587 968 1726 1009 appa-

37 1071 44 1079 «
111 1037 218 1075 -reat
261 1033 446 1075 minime
488 1035 794 1088 spernendam
835 1036 921 1090 ipsi
964 1036 1121 1078 vide'ri.
1165 1036 1375 1090 Denique
1417 1040 1494 1076 aut
1524 1034 1728 1088 legentes

118 1111 394 1168 labyrinthis
436 1113 668 1156 includere
712 1116 868 1156 studet
911 1116 1109 1165 Tacitus,
1155 1121 1233 1157 aut
1277 1116 1388 1158 deos
1430 1120 1477 1156 et
1520 1114 1727 1156 homines

121 1193 239 1236 inter
264 1207 311 1235 se
335 1194 530 1249 opponit:
560 1199 609 1235 ut
637 1195 700 1236 sic
730 1194 849 1236 hunc
877 1196 1153 1250 accipiamus
1170 1196 1320 1238 locum
1338 1201 1436 1237 tota
1454 1196 1549 1236 eius
1566 1195 1727 1237 suadet

123 1274 385 1329 dispositio:
429 1275 637 1316 homines
669 1256 773 1317 huic
806 1276 993 1318 facinori
1013 1277 1341 1332 ignoscebant,
1376 1290 1466 1318 non
1500 1276 1727 1330 ignovisse

123 1355 236 1397 deos
262 1368 287 1397 e
314 1360 590 1415 tempestate
610 1355 684 1398 illa
703 1357 929 1399 efficiebat
948 1357 1107 1412 vulgus
1126 1390 1135 1399 .
1156 1390 1165 1399 .
1186 1391 1195 1399 .
1215 1358 1352 1412 idque
1370 1357 1491 1398 haud
1510 1356 1728 1398 temere.”

39 1463 58 1497 ,
124 1434 282 1490 Atque
329 1441 379 1477 ut
426 1435 536 1477 illud
581 1436 704 1478 dicat
747 1436 933 1478 Tacitus
975 1437 1203 1479 lenissima
1246 1438 1568 1479 emendatione
1611 1436 1726 1478 effici

124 1520 290 1570 potest,
335 1529 426 1570 qua
467 1515 600 1557 simul
642 1517 834 1558 efficitur
865 1522 915 1558 ut
948 1518 1039 1558 duo
1071 1517 1188 1558 illius
1220 1518 1474 1559 sententiae
1508 1517 1726 1566 membra,

110 1609 220 1649 ,qua
259 1595 333 1637 hic
375 1609 491 1650 opus
529 1602 610 1646 est,
656 1597 890 1651 aptissime
929 1598 1046 1639 inter
1078 1611 1125 1638 se
1159 1598 1414 1651 iungantur.
1447 1597 1576 1651 Quae
1610 1597 1730 1638 enirn

128 1675 220 1732 hic⁹
243 1676 505 1717 coniunctio
544 1677 786 1730 requiritur
828 1691 911 1731 pro
951 1677 1109 1732 inepto
1142 1677 1218 1719 illo
1250 1676 1411 1719 etiam?
1447 1677 1511 1719 Ut
1543 1677 1728 1731 opinor;

37 1777 67 1794 20
112 1753 232 1807 biam,
277 1762 415 1812 atque
459 1757 589 1807 hanc,
636 1758 903 1811 praesertim
946 1759 1252 1812 praecedente
1292 1757 1423 1799 litera
1454 1773 1486 1807 e,
1521 1757 1651 1798 facile
1685 1757 1729 1798 in

123 1837 256 1878 etiam
305 1838 536 1892 corrumpi
581 1838 784 1893 potuisse
829 1838 1021 1892 quisque
1062 1838 1290 1893 intelligit.
1339 1837 1499 1891 „Quod
1542 1837 1728 1886 facinus,

124 1917 514 1970 quemadmodum
565 1917 724 1972 vulgus
773 1917 893 1959 haud
942 1923 1114 1959 temere
1157 1931 1181 1958 e
1226 1918 1450 1972 portentis
1488 1917 1728 1967 efficiebat,

124 1997 435 2051 gravissimam
468 1998 659 2043 deorum
693 1998 804 2039 iram
839 1998 1134 2052 provocabat,
1169 1998 1209 2038 ei
1237 1983 1326 2039 iam
1357 1997 1485 2038 multi
1515 1996 1728 2038 mortales

123 2075 467 2130 ignoscebant.'’
520 2077 774 2132 Aptissime
825 2091 945 2119 nunc
988 2078 1213 2132 sequitur:
1264 2078 1498 2131 „antiquas
1540 2077 1728 2118 fratrum

127 2155 376 2198 discordias
418 2162 463 2198 et
506 2157 770 2199 insociabile
809 2171 998 2212 regnum
1041 2156 1378 2199 aestimantes.’'
1418 2157 1470 2197 In
1505 2157 1615 2198 deos
1649 2156 1729 2197 im-

128 2235 342 2298 mortales
389 2237 611 2280 eiusmodi
659 2237 1053 2291 „aestimationes”
1097 2251 1188 2278 non
1233 2236 1476 2278 convenire
1520 2249 1590 2276 res
1633 2235 1730 2290 ipsa

127 2314 342 2370 loquitur.

186 2477 245 2518 A.
281 2477 410 2527 XIII,
443 2490 516 2532 43.
561 2477 743 2520 Suillius
785 2478 983 2533 famosus
1025 2477 1098 2519 ille
1142 2478 1396 2533 imperante
1430 2478 1620 2521 Claudio
1654 2479 1730 2520 de-

124 2555 241 2598 lator
288 2558 476 2599 tandem
525 2557 787 2612 aliquando,
831 2558 937 2612 quia
981 2558 1182 2601 Senecae
1225 2559 1337 2600 iram
1380 2559 1554 2600 acerbis
1597 2559 1730 2600 dictis

127 2642 333 2678 moverat
365 2642 616 2686 accusatur,
653 2638 920 2679 damnatur:

191 2717 261 2770 „in
299 2717 465 2759 insulas
509 2717 718 2759 Baleares
761 2717 957 2772 pellitur,
996 2732 1087 2759 non
1120 2719 1164 2759 in
1198 2719 1297 2772 ipso
1331 2719 1603 2769 discrimine,
1639 2733 1730 2760 non

129 2802 234 2851 post
280 2797 623 2838 damnationem
667 2797 834 2838 fractus
876 2798 1052 2848 animo;
1096 2798 1414 2853 ferebaturque
1457 2800 1643 2853 copiosa
1686 2804 1732 2840 et

33 2880 34 2883 ’
65 2894 67 2897 ’
131 2875 255 2918 molli
289 2877 382 2918 vita
414 2882 640 2918 secretum
673 2876 782 2918 illud
816 2877 1123 2919 toleravisse.”

191 2955 299 2997 Post
336 2962 531 2998 mortem
564 2955 708 2998 Suillii
741 2958 798 2998 de
832 2957 968 3008 victu,
1002 2971 1139 3011 quem
1172 2958 1277 2999 exul
1311 2959 1467 3013 egerit,
1500 2972 1731 3000 sermones
