2040 3412
863 294 946 341 159

62 409 128 459 τῇ,
153 418 181 448 e
211 405 363 460 quoad
396 405 600 460 privatus
633 404 706 446 vel
737 404 782 446 in
816 405 1017 460 imperiis
1047 405 1132 447 sub
1164 396 1377 461 Au'gusto
1410 406 1514 458 fuit;
1546 407 1694 450 occul-

69 478 161 548 {ayn
224 498 278 528 ac
304 484 553 527 subdolum
586 484 811 539 fingendis
843 485 1099 536 virtutibus,
1133 486 1280 528 donec
1314 486 1610 529 Germanicus
1642 501 1695 530 ac

197 578 264 609 us
288 564 574 621 superfuere:
601 565 724 607 idem
752 565 870 608 inter
897 565 1019 608 bona
1045 565 1254 621 malaque
1281 567 1450 610 mixtus
1477 568 1696 610 incolumi

56 648 248 706 waste,
306 645 579 688 intestabilis
634 646 837 696 saevitia,
883 646 965 688 sed
1013 645 1210 688 obtectis
1257 646 1534 698 libidinibus,
1583 649 1693 690 dum

59 781 75 788 Μ
137 725 306 769 ianum
347 725 509 768 dilexit
549 726 774 776 timuitve‚
818 731 1050 781 postremo
1088 726 1132 769 in
1164 726 1335 770 scelera
1367 728 1499 770 simul
1530 742 1584 771 ac
1616 730 1693 771 de—

67 801 257 862 decora
283 807 504 862 prorupit,
533 812 778 861 postquam
806 812 983 848 remoto
1011 807 1186 862 pudore
1207 813 1253 849 et
1273 814 1396 850 metu
1414 823 1496 851 suo
1513 815 1693 852 tantum

58 866 275 951 {tagenio
307 886 564 929 utebatur?
602 887 607 891 ’

47 947 98 1029 ᾆξ’-ἶν’
143 966 380 1023 Tempora
408 967 480 1009 hic
507 967 859 1022 distinguuntur,
887 968 967 1010 sed
996 982 1169 1010 merum
1187 956 1426 1011 artificium
1444 971 1691 1012 oratorium

46 1032 201 1106 {iliud
242 1054 334 1094 est:
377 1049 488 1104 quid
531 1050 666 1091 variis
698 1049 784 1090 illis
817 1038 1101 1104 temporibus
1134 1050 1178 1091 in
1207 1050 1378 1092 Tiberii
1406 1057 1559 1093 mente
1589 1065 1694 1093 eve-

46 1115 210 1193 'l't‘ijerit
251 1129 415 1172 frustra
447 1130 728 1185 quaerimus:
769 1130 1035 1184 „simulavit‚
1069 1131 1232 1172 iterum
1265 1131 1508 1182 simulavit,
1542 1133 1694 1174 denuo

35 1200 334 1283 fjpimulavit‚
374 1224 525 1252 rursus
565 1210 808 1262 simulavit,
851 1217 1084 1266 postremo
1128 1225 1185 1253 ne
1217 1212 1446 1254 simulavit
1478 1212 1694 1267 quidem”

44 1285 180 1355 {Jhuc
206 1289 394 1346 pulchre
420 1291 629 1346 dispositi
656 1291 744 1333 loci
772 1297 922 1334 totum
951 1293 1068 1333 redit
1094 1298 1427 1346 argumentum.
1458 1293 1555 1335 Nisi
1579 1293 1695 1335 forte

60 1366 318 1415 credimus
361 1384 464 1413 eum
507 1372 584 1426 qui
632 1377 902 1427 „postquam
945 1378 1123 1414 remoto
1166 1373 1340 1427 pudore
1383 1378 1430 1414 et
1461 1379 1586 1415 metu
1618 1388 1696 1416 suo

43 1438 264 1497 l-''tantum
295 1452 468 1507 ingenio
500 1452 742 1494 utebatur’'
771 1453 839 1494 nil
860 1453 949 1494 nisi
971 1453 1137 1495 scelera
1162 1461 1205 1495 et
1229 1453 1439 1495 dedecora
1467 1454 1512 1495 in
1540 1454 1694 1496 animo

91 1531 306 1583 habebat,
359 1532 699 1585 adolescentem
742 1534 1046 1588 iuvenemque
1088 1547 1246 1576 revera
1289 1533 1423 1576 fuisse
1464 1534 1693 1590 egregium

89 1613 187 1657 vita
207 1614 444 1670 famaque.

46 1927 49 1932 ι
152 1865 244 1910 Sed
272 1866 382 1921 quid
406 1867 530 1922 apud
548 1866 760 1930 Tacitum
777 1866 835 1907 de
852 1866 1039 1908 Tiberio
1057 1872 1270 1921 agentem
1294 1866 1694 1922 „psychologiam”

38 1945 378 2003 quaerimus?
411 1947 676 1993 Dummodo
709 1952 928 1988 terrorem
962 1946 1288 2000 horroremque
1321 1947 1512 1987 incutiat
1543 1946 1697 2001 legen-

51 2009 233 2085 thibus-
253 2028 364 2070 satis
404 2027 446 2069 ei
488 2033 571 2069 est.
606 2028 676 2068 De
709 2026 985 2068 facinoribus
1018 2026 1113 2067 eius
1146 2025 1387 2076 declamat,
1420 2027 1559 2081 atque
1593 2026 1696 2068 huic

40 2108 169 2169 'uni
214 2108 280 2150 rei
327 2108 407 2149 dat
454 2121 641 2162 operam
690 2113 739 2149 ut
786 2121 877 2162 quo
925 2107 1069 2161 magis
1115 2107 1173 2148 ad
1222 2106 1360 2148 finem
1408 2106 1599 2148 accedat
1641 2120 1695 2148 eo

44 2182 63 2207 5
92 2188 246 2246 omnia
286 2188 398 2231 fiant
440 2188 667 2230 horrenda
709 2189 866 2243 magis.
909 2188 1135 2242 Denique,
1179 2201 1282 2229 cum
1326 2201 1381 2228 eo
1424 2193 1695 2242 perventum

47 2267 70 2313 ἶ
91 2275 162 2313 est
204 2275 253 2312 ut
295 2270 353 2312 de
395 2269 567 2311 Tiberii
611 2270 669 2311 sit
712 2269 988 2311 narrandum
1032 2273 1192 2318 morte,
1236 2268 1416 2309 intonat
1458 2281 1536 2309 ore
1569 2267 1695 2322 gravi

47 2349 148 2406 (c.
184 2359 240 2405 50
276 2350 378 2405 in.):

157 2431 279 2485 „Iam
322 2430 557 2473 Tiberium
599 2444 777 2486 corpus,
820 2430 910 2471 iam
942 2429 1060 2470 vires
1081 2427 1124 2483 ¹),
1158 2429 1362 2470 nondum
1396 2427 1694 2469 dissimulatio

62 2561 64 2563 ‚
84 2510 379 2554 deserebat?

42 2579 43 2582 Ἴ
153 2592 467 2642 Praecessisse,
510 2592 579 2634 his
621 2591 801 2642 auditis,
835 2590 982 2645 quivis
1014 2589 1267 2644 suspicetur
1300 2588 1474 2642 insigne
1506 2587 1692 2642 aliquod

93 2671 462 2715 dissimulationis
502 2672 774 2714 Tiberianae
813 2669 1090 2725 exemplum.
1123 2669 1189 2710 At
1222 2669 1266 2710 in
1299 2670 1510 2724 proximo
1543 2670 1694 2724 capite

145 2881 180 2926 1)
203 2882 375 2925 Lepidam
404 2881 657 2919 ¹vocabulorum
691 2883 817 2922 corpus
850 2878 919 2910 iam
952 2878 1046 2910 vires
1079 2877 1359 2910 emendationem
1391 2877 1497 2920 vires,
1522 2877 1591 2909 iam
1616 2876 1694 2908 vita

41 2954 64 2963 ·
93 2940 277 2983 proposuit
310 2951 342 2972 v.
376 2939 410 2972 d.
445 2940 490 2971 K.
525 2940 573 2971 H.
605 2939 646 2971 E.
679 2938 723 2970 de
753 2938 846 2980 Jong
879 2937 915 2968 in
950 2936 1106 2968 thesibus
1139 2935 1314 2968 adiunctis
1343 2935 1600 2979 dissertationi3
1629 2935 1694 2978 „de

62 3011 66 3039 ᾖ
94 2997 248 3041 Apuleio
273 2998 461 3030 Isiacorum
487 2998 728 3039 mysteriorum
754 2994 878 3028 teste.”
905 2995 945 3027 L.
971 2995 1011 3026 B.
1036 3002 1191 3026 MDCCCC.
