<?xml version="1.0" encoding="UTF-8"?>
<!DOCTYPE html PUBLIC "-//W3C//DTD XHTML 1.0 Transitional//EN"
    "http://www.w3.org/TR/xhtml1/DTD/xhtml1-transitional.dtd">
<html xmlns="http://www.w3.org/1999/xhtml" xml:lang="en" lang="en">
 <head>
  <title>
</title>
<meta http-equiv="Content-Type" content="text/html;charset=utf-8" />
  <meta name='ocr-system' content='tesseract 3.04.00' />
  <meta name='ocr-capabilities' content='ocr_page ocr_carea ocr_par ocr_line ocrx_word'/>
</head>
<body>
  <div class='ocr_page' id='page_1' title='image "analectatacitea00hartuoft_0215.png"; bbox 0 0 2040 3412; ppageno 0'>
   <div class='ocr_carea' id='block_1_1' title="bbox 852 288 1010 333">
    <p class='ocr_par' dir='ltr' id='par_1_1' title="bbox 852 288 1010 333">
     <span class='ocr_line' id='line_1_1' title="bbox 852 288 1010 333; baseline 0.006 -14"><span class='ocrx_word' id='word_1_1' title='bbox 852 288 936 333; x_wconf 91' lang='lat'>207</span> <span class='ocrx_word' id='word_1_2' title='bbox 1005 298 1010 303; x_wconf 90' lang='lat'><strong>·</strong></span> 
     </span>
    </p>
   </div>
   <div class='ocr_carea' id='block_1_2' title="bbox 29 397 1709 932">
    <p class='ocr_par' dir='ltr' id='par_1_2' title="bbox 30 379 1703 533">
     <span class='ocr_line' id='line_1_2' title="bbox 95 397 1703 453; baseline 0.001 -13.961"><span class='ocrx_word' id='word_1_3' title='bbox 95 398 204 445; x_wconf 53' lang='lat' dir='ltr'>*illuc</span> <span class='ocrx_word' id='word_1_4' title='bbox 245 402 565 453; x_wconf 88' lang='lat' dir='ltr'><strong>sequerentur:</strong></span> <span class='ocrx_word' id='word_1_5' title='bbox 599 397 666 438; x_wconf 88' lang='lat' dir='ltr'>sin</span> <span class='ocrx_word' id='word_1_6' title='bbox 703 398 919 439; x_wconf 91' lang='lat' dir='ltr'>victoriae</span> <span class='ocrx_word' id='word_1_7' title='bbox 952 398 1161 440; x_wconf 89' lang='lat' dir='ltr'>columen</span> <span class='ocrx_word' id='word_1_8' title='bbox 1190 397 1241 440; x_wconf 69' lang='lat' dir='ltr'>&#39;in</span> <span class='ocrx_word' id='word_1_9' title='bbox 1276 399 1406 441; x_wconf 88' lang='lat' dir='ltr'>Italia</span> <span class='ocrx_word' id='word_1_10' title='bbox 1438 405 1703 448; x_wconf 89' lang='lat' dir='ltr'>verteretur,</span> 
     </span>
     <span class='ocr_line' id='line_1_3' title="bbox 31 469 1392 533; baseline -0.001 -11"><span class='ocrx_word' id='word_1_11' title='bbox 31 469 35 471; x_wconf 29' lang='grc'>“</span> <span class='ocrx_word' id='word_1_12' title='bbox 99 492 192 522; x_wconf 87' lang='lat' dir='ltr'>non</span> <span class='ocrx_word' id='word_1_13' title='bbox 224 477 565 533; x_wconf 86' lang='lat' dir='ltr'>abrumpendos</span> <span class='ocrx_word' id='word_1_14' title='bbox 597 482 647 518; x_wconf 91' lang='lat' dir='ltr'>ut</span> <span class='ocrx_word' id='word_1_15' title='bbox 680 477 860 531; x_wconf 89' lang='lat' dir='ltr'>corpori</span> <span class='ocrx_word' id='word_1_16' title='bbox 893 477 1194 520; x_wconf 87' lang='lat' dir='ltr'>validissimos</span> <span class='ocrx_word' id='word_1_17' title='bbox 1225 479 1392 521; x_wconf 83' lang='lat' dir='ltr'>artuS.”</span> 
     </span>
    </p>

    <p class='ocr_par' dir='ltr' id='par_1_3' title="bbox 29 557 1709 932">
     <span class='ocr_line' id='line_1_4' title="bbox 161 557 1706 614; baseline 0.001 -13"><span class='ocrx_word' id='word_1_18' title='bbox 161 558 451 602; x_wconf 90' lang='lat' dir='ltr'>Vocabulum</span> <span class='ocrx_word' id='word_1_19' title='bbox 480 557 616 612; x_wconf 82' lang='lat' dir='ltr'>paulo</span> <span class='ocrx_word' id='word_1_20' title='bbox 646 558 794 599; x_wconf 87' lang='lat' dir='ltr'>minus</span> <span class='ocrx_word' id='word_1_21' title='bbox 821 558 1036 599; x_wconf 89' lang='lat' dir='ltr'>usitatum</span> <span class='ocrx_word' id='word_1_22' title='bbox 1066 560 1257 601; x_wconf 84' lang='lat' dir='ltr'>columen</span> <span class='ocrx_word' id='word_1_23' title='bbox 1284 559 1446 614; x_wconf 88' lang='lat' dir='ltr'>aliquis</span> <span class='ocrx_word' id='word_1_24' title='bbox 1476 566 1706 614; x_wconf 90' lang='lat' dir='ltr'>utcunque</span> 
     </span>
     <span class='ocr_line' id='line_1_5' title="bbox 99 623 1706 694; baseline 0 -13"><span class='ocrx_word' id='word_1_25' title='bbox 99 639 388 694; x_wconf 85' lang='lat' dir='ltr'>interpretari</span> <span class='ocrx_word' id='word_1_26' title='bbox 415 644 485 680; x_wconf 89' lang='lat' dir='ltr'>est</span> <span class='ocrx_word' id='word_1_27' title='bbox 514 643 705 680; x_wconf 89' lang='lat' dir='ltr'>conatus</span> <span class='ocrx_word' id='word_1_28' title='bbox 733 623 1037 680; x_wconf 88' lang='lat' dir='ltr'>adscribendo</span> <span class='ocrx_word' id='word_1_29' title='bbox 1071 640 1276 691; x_wconf 87' lang='lat' dir='ltr'>„sanitas,</span> <span class='ocrx_word' id='word_1_30' title='bbox 1305 639 1706 681; x_wconf 90' lang='lat' dir='ltr'>sustentaculum.”</span> 
     </span>
     <span class='ocr_line' id='line_1_6' title="bbox 29 717 1709 774; baseline -0.001 -12"><span class='ocrx_word' id='word_1_31' title='bbox 29 740 37 771; x_wconf 76' lang='lat'>;·.</span> <span class='ocrx_word' id='word_1_32' title='bbox 99 719 258 774; x_wconf 85' lang='lat' dir='ltr'>Atque</span> <span class='ocrx_word' id='word_1_33' title='bbox 275 718 396 760; x_wconf 92' lang='lat' dir='ltr'>istud</span> <span class='ocrx_word' id='word_1_34' title='bbox 414 717 888 772; x_wconf 65' lang='lat' dir='ltr'>interpretamentum,</span> <span class='ocrx_word' id='word_1_35' title='bbox 903 723 999 759; x_wconf 88' lang='lat' dir='ltr'>tam</span> <span class='ocrx_word' id='word_1_36' title='bbox 1016 718 1326 773; x_wconf 89' lang='lat' dir='ltr'>importunum</span> <span class='ocrx_word' id='word_1_37' title='bbox 1345 725 1531 774; x_wconf 88' lang='lat' dir='ltr'>tamque</span> <span class='ocrx_word' id='word_1_38' title='bbox 1550 734 1709 774; x_wconf 90' lang='lat' dir='ltr'>parum</span> 
     </span>
     <span class='ocr_line' id='line_1_7' title="bbox 35 778 1707 858; baseline 0 -17"><span class='ocrx_word' id='word_1_39' title='bbox 35 778 49 858; x_wconf 19' lang='grc' dir='ltr'>μ’</span> <span class='ocrx_word' id='word_1_40' title='bbox 98 803 272 854; x_wconf 85' lang='lat' dir='ltr'>aptum,</span> <span class='ocrx_word' id='word_1_41' title='bbox 305 798 403 840; x_wconf 89' lang='lat' dir='ltr'>sine</span> <span class='ocrx_word' id='word_1_42' title='bbox 437 797 525 839; x_wconf 91' lang='lat' dir='ltr'>ulla</span> <span class='ocrx_word' id='word_1_43' title='bbox 559 803 669 839; x_wconf 90' lang='lat' dir='ltr'>nota</span> <span class='ocrx_word' id='word_1_44' title='bbox 701 797 746 839; x_wconf 91' lang='lat' dir='ltr'>in</span> <span class='ocrx_word' id='word_1_45' title='bbox 779 802 909 839; x_wconf 76' lang='lat' dir='ltr'>textu</span> <span class='ocrx_word' id='word_1_46' title='bbox 943 798 1155 852; x_wconf 85' lang='lat' dir='ltr'>perstitit,</span> <span class='ocrx_word' id='word_1_47' title='bbox 1190 799 1336 840; x_wconf 92' lang='lat' dir='ltr'>donec</span> <span class='ocrx_word' id='word_1_48' title='bbox 1370 813 1396 840; x_wconf 90' lang='lat' dir='ltr'>a</span> <span class='ocrx_word' id='word_1_49' title='bbox 1425 799 1707 854; x_wconf 89' lang='lat' dir='ltr'>Nipperdeio</span> 
     </span>
     <span class='ocr_line' id='line_1_8' title="bbox 98 877 1707 932; baseline 0 -11"><span class='ocrx_word' id='word_1_50' title='bbox 98 878 275 922; x_wconf 89' lang='lat' dir='ltr'>uncinis</span> <span class='ocrx_word' id='word_1_51' title='bbox 301 884 370 920; x_wconf 90' lang='lat' dir='ltr'>est</span> <span class='ocrx_word' id='word_1_52' title='bbox 398 878 634 928; x_wconf 91' lang='lat' dir='ltr'>inclusum,</span> <span class='ocrx_word' id='word_1_53' title='bbox 663 877 828 932; x_wconf 84' lang='lat' dir='ltr'>quibus</span> <span class='ocrx_word' id='word_1_54' title='bbox 855 883 1010 929; x_wconf 86' lang='lat' dir='ltr'>tamen</span> <span class='ocrx_word' id='word_1_55' title='bbox 1038 902 1095 908; x_wconf 84' lang='lat'>--</span> <span class='ocrx_word' id='word_1_56' title='bbox 1124 884 1173 919; x_wconf 93' lang='lat' dir='ltr'>ut</span> <span class='ocrx_word' id='word_1_57' title='bbox 1200 892 1319 920; x_wconf 90' lang='lat' dir='ltr'>nunc</span> <span class='ocrx_word' id='word_1_58' title='bbox 1347 885 1452 920; x_wconf 88' lang='lat' dir='ltr'>sunt</span> <span class='ocrx_word' id='word_1_59' title='bbox 1479 894 1628 921; x_wconf 89' lang='lat' dir='ltr'>mores</span> <span class='ocrx_word' id='word_1_60' title='bbox 1649 905 1707 910; x_wconf 97' lang='lat'><strong>—</strong></span> 
     </span>
    </p>
   </div>
   <div class='ocr_carea' id='block_1_3' title="bbox 25 940 744 1001">
    <p class='ocr_par' dir='ltr' id='par_1_4' title="bbox 25 940 744 1001">
     <span class='ocr_line' id='line_1_9' title="bbox 25 940 744 1001; baseline -0.004 0"><span class='ocrx_word' id='word_1_61' title='bbox 25 940 51 988; x_wconf 27' lang='lat'>⁸,</span> <span class='ocrx_word' id='word_1_62' title='bbox 98 957 288 1001; x_wconf 84' lang='lat' dir='ltr'>fortasse</span> <span class='ocrx_word' id='word_1_63' title='bbox 321 972 431 1001; x_wconf 88' lang='lat' dir='ltr'>mox</span> <span class='ocrx_word' id='word_1_64' title='bbox 463 958 744 1000; x_wconf 88' lang='lat' dir='ltr'>liberabitur.</span> 
     </span>
    </p>
   </div>
   <div class='ocr_carea' id='block_1_4' title="bbox 160 1036 1708 1174">
    <p class='ocr_par' dir='ltr' id='par_1_5' title="bbox 160 1036 1708 1174">
     <span class='ocr_line' id='line_1_10' title="bbox 160 1036 1616 1093; baseline 0.001 -12"><span class='ocrx_word' id='word_1_65' title='bbox 160 1039 220 1081; x_wconf 90' lang='lat' dir='ltr'>H.</span> <span class='ocrx_word' id='word_1_66' title='bbox 252 1039 311 1089; x_wconf 88' lang='grc' dir='ltr'>ΙΙ,</span> <span class='ocrx_word' id='word_1_67' title='bbox 345 1039 417 1093; x_wconf 87' lang='lat'>63.</span> <span class='ocrx_word' id='word_1_68' title='bbox 453 1038 695 1080; x_wconf 86' lang='lat' dir='ltr'>Dolabella</span> <span class='ocrx_word' id='word_1_69' title='bbox 728 1051 820 1093; x_wconf 92' lang='lat' dir='ltr'>quo</span> <span class='ocrx_word' id='word_1_70' title='bbox 853 1038 1042 1079; x_wconf 90' lang='lat' dir='ltr'>crimine</span> <span class='ocrx_word' id='word_1_71' title='bbox 1069 1036 1258 1093; x_wconf 86' lang='lat' dir='ltr'>&#39;perierit</span> <span class='ocrx_word' id='word_1_72' title='bbox 1290 1040 1353 1080; x_wconf 88' lang='lat' dir='ltr'>sic</span> <span class='ocrx_word' id='word_1_73' title='bbox 1387 1046 1616 1082; x_wconf 86' lang='lat' dir='ltr'>narratur:</span> 
     </span>
     <span class='ocr_line' id='line_1_11' title="bbox 163 1118 1708 1174; baseline 0.001 -12"><span class='ocrx_word' id='word_1_74' title='bbox 163 1119 430 1174; x_wconf 85' lang='lat' dir='ltr'>„Dolabella</span> <span class='ocrx_word' id='word_1_75' title='bbox 472 1119 629 1161; x_wconf 90' lang='lat' dir='ltr'>audita</span> <span class='ocrx_word' id='word_1_76' title='bbox 673 1124 820 1160; x_wconf 89' lang='lat' dir='ltr'>morte</span> <span class='ocrx_word' id='word_1_77' title='bbox 859 1118 1056 1161; x_wconf 90' lang='lat' dir='ltr'>Othonis</span> <span class='ocrx_word' id='word_1_78' title='bbox 1089 1119 1248 1160; x_wconf 90' lang='lat' dir='ltr'>urbem</span> <span class='ocrx_word' id='word_1_79' title='bbox 1282 1120 1530 1162; x_wconf 86' lang='lat' dir='ltr'>introierat.</span> <span class='ocrx_word' id='word_1_80' title='bbox 1581 1122 1634 1162; x_wconf 93' lang='lat' dir='ltr'>Id</span> <span class='ocrx_word' id='word_1_81' title='bbox 1668 1122 1708 1163; x_wconf 90' lang='lat' dir='ltr'>ei</span> 
     </span>
    </p>
   </div>
   <div class='ocr_carea' id='block_1_5' title="bbox 23 1199 1708 1255">
    <p class='ocr_par' dir='ltr' id='par_1_6' title="bbox 23 1199 1708 1255">
     <span class='ocr_line' id='line_1_12' title="bbox 23 1199 1708 1255; baseline 0.001 -14"><span class='ocrx_word' id='word_1_82' title='bbox 23 1205 29 1255; x_wconf 69' lang='lat' dir='ltr'><em>J</em></span> <span class='ocrx_word' id='word_1_83' title='bbox 99 1199 307 1242; x_wconf 87' lang='lat' dir='ltr'>Plancius</span> <span class='ocrx_word' id='word_1_84' title='bbox 336 1199 485 1241; x_wconf 88' lang='lat' dir='ltr'>Varus</span> <span class='ocrx_word' id='word_1_85' title='bbox 514 1204 727 1254; x_wconf 90' lang='lat' dir='ltr'>praetura</span> <span class='ocrx_word' id='word_1_86' title='bbox 755 1199 950 1249; x_wconf 89' lang='lat' dir='ltr'>functus,</span> <span class='ocrx_word' id='word_1_87' title='bbox 978 1213 1036 1240; x_wconf 88' lang='lat' dir='ltr'>ex</span> <span class='ocrx_word' id='word_1_88' title='bbox 1064 1199 1234 1241; x_wconf 91' lang='lat' dir='ltr'>intimis</span> <span class='ocrx_word' id='word_1_89' title='bbox 1253 1200 1520 1242; x_wconf 90' lang='lat' dir='ltr'>Dolabellae</span> <span class='ocrx_word' id='word_1_90' title='bbox 1537 1202 1708 1251; x_wconf 89' lang='lat' dir='ltr'>amicis,</span> 
     </span>
    </p>
   </div>
   <div class='ocr_carea' id='block_1_6' title="bbox 37 1267 1469 1335">
    <p class='ocr_par' dir='ltr' id='par_1_7' title="bbox 23 1267 1469 1335">
     <span class='ocr_line' id='line_1_13' title="bbox 37 1267 1469 1335; baseline 0 -14"><span class='ocrx_word' id='word_1_91' title='bbox 37 1290 40 1294; x_wconf 76' lang='grc'>’</span> <span class='ocrx_word' id='word_1_92' title='bbox 91 1267 220 1335; x_wconf 26' lang='lat' dir='ltr'>*apud</span> <span class='ocrx_word' id='word_1_93' title='bbox 254 1279 464 1321; x_wconf 88' lang='lat' dir='ltr'>Flavium</span> <span class='ocrx_word' id='word_1_94' title='bbox 499 1278 734 1329; x_wconf 88' lang='lat' dir='ltr'>Sabinum,</span> <span class='ocrx_word' id='word_1_95' title='bbox 768 1279 1049 1334; x_wconf 87' lang='lat' dir='ltr'>praefectum</span> <span class='ocrx_word' id='word_1_96' title='bbox 1084 1280 1220 1329; x_wconf 89' lang='lat' dir='ltr'>urbis,</span> <span class='ocrx_word' id='word_1_97' title='bbox 1256 1280 1469 1322; x_wconf 91' lang='lat' dir='ltr'>obiecit.&#39;’</span> 
     </span>
    </p>
   </div>
   <div class='ocr_carea' id='block_1_7' title="bbox 28 1358 1708 1494">
    <p class='ocr_par' dir='ltr' id='par_1_8' title="bbox 28 1358 1708 1494">
     <span class='ocr_line' id='line_1_14' title="bbox 37 1358 1707 1419; baseline 0 -16"><span class='ocrx_word' id='word_1_98' title='bbox 37 1410 53 1419; x_wconf 58' lang='lat'><strong><em>„</em></strong></span> <span class='ocrx_word' id='word_1_99' title='bbox 158 1358 310 1403; x_wconf 87' lang='lat' dir='ltr'>Sicine</span> <span class='ocrx_word' id='word_1_100' title='bbox 344 1359 584 1402; x_wconf 90' lang='lat' dir='ltr'>Latinitati</span> <span class='ocrx_word' id='word_1_101' title='bbox 618 1360 710 1401; x_wconf 90' lang='lat' dir='ltr'>vim</span> <span class='ocrx_word' id='word_1_102' title='bbox 738 1360 874 1401; x_wconf 86' lang='lat' dir='ltr'>faciat</span> <span class='ocrx_word' id='word_1_103' title='bbox 902 1360 1155 1414; x_wconf 88' lang='lat' dir='ltr'>quisquam,</span> <span class='ocrx_word' id='word_1_104' title='bbox 1186 1365 1235 1401; x_wconf 94' lang='lat' dir='ltr'>ut</span> <span class='ocrx_word' id='word_1_105' title='bbox 1263 1374 1366 1402; x_wconf 88' lang='lat' dir='ltr'>cum</span> <span class='ocrx_word' id='word_1_106' title='bbox 1395 1361 1545 1402; x_wconf 90' lang='lat' dir='ltr'>dicere</span> <span class='ocrx_word' id='word_1_107' title='bbox 1574 1361 1707 1403; x_wconf 89' lang='lat' dir='ltr'>velit:</span> 
     </span>
     <span class='ocr_line' id='line_1_15' title="bbox 28 1439 1708 1494; baseline 0.003 -16"><span class='ocrx_word' id='word_1_108' title='bbox 28 1467 30 1478; x_wconf 63' lang='lat'>2</span> <span class='ocrx_word' id='word_1_109' title='bbox 103 1439 384 1494; x_wconf 86' lang='lat' dir='ltr'>„Dolabellae</span> <span class='ocrx_word' id='word_1_110' title='bbox 416 1439 579 1490; x_wconf 88' lang='lat' dir='ltr'>Varus,</span> <span class='ocrx_word' id='word_1_111' title='bbox 613 1453 671 1481; x_wconf 89' lang='lat' dir='ltr'>ex</span> <span class='ocrx_word' id='word_1_112' title='bbox 703 1440 875 1481; x_wconf 91' lang='lat' dir='ltr'>intimis</span> <span class='ocrx_word' id='word_1_113' title='bbox 902 1440 995 1481; x_wconf 79' lang='lat' dir='ltr'>eius</span> <span class='ocrx_word' id='word_1_114' title='bbox 1022 1440 1191 1490; x_wconf 89' lang='lat' dir='ltr'>amicis,</span> <span class='ocrx_word' id='word_1_115' title='bbox 1222 1440 1391 1482; x_wconf 94' lang='lat' dir='ltr'>obiecit</span> <span class='ocrx_word' id='word_1_116' title='bbox 1410 1473 1419 1482; x_wconf 89' lang='lat'><strong>.</strong></span> <span class='ocrx_word' id='word_1_117' title='bbox 1440 1473 1449 1481; x_wconf 92' lang='lat'><strong>.</strong></span> <span class='ocrx_word' id='word_1_118' title='bbox 1470 1441 1525 1490; x_wconf 90' lang='lat'>.‚”</span> <span class='ocrx_word' id='word_1_119' title='bbox 1553 1443 1632 1482; x_wconf 92' lang='lat' dir='ltr'>sed</span> <span class='ocrx_word' id='word_1_120' title='bbox 1661 1456 1708 1483; x_wconf 90' lang='lat' dir='ltr'>se</span> 
     </span>
    </p>
   </div>
   <div class='ocr_carea' id='block_1_8' title="bbox 23 1513 1706 1576">
    <p class='ocr_par' dir='ltr' id='par_1_9' title="bbox 23 1513 1706 1576">
     <span class='ocr_line' id='line_1_16' title="bbox 23 1513 1706 1576; baseline 0.002 -15"><span class='ocrx_word' id='word_1_121' title='bbox 23 1513 27 1515; x_wconf 53' lang='grc'><strong>’</strong></span> <span class='ocrx_word' id='word_1_122' title='bbox 99 1533 266 1561; x_wconf 89' lang='lat' dir='ltr'>nomen</span> <span class='ocrx_word' id='word_1_123' title='bbox 301 1519 411 1562; x_wconf 94' lang='lat' dir='ltr'>illud</span> <span class='ocrx_word' id='word_1_124' title='bbox 441 1519 578 1574; x_wconf 91' lang='lat' dir='ltr'>paulo</span> <span class='ocrx_word' id='word_1_125' title='bbox 605 1525 712 1561; x_wconf 92' lang='lat' dir='ltr'>ante</span> <span class='ocrx_word' id='word_1_126' title='bbox 741 1533 912 1574; x_wconf 90' lang='lat' dir='ltr'>ponere</span> <span class='ocrx_word' id='word_1_127' title='bbox 939 1521 1217 1570; x_wconf 89' lang='lat' dir='ltr'>recordetur,</span> <span class='ocrx_word' id='word_1_128' title='bbox 1246 1534 1329 1575; x_wconf 89' lang='lat' dir='ltr'>pro</span> <span class='ocrx_word' id='word_1_129' title='bbox 1357 1521 1434 1562; x_wconf 93' lang='lat' dir='ltr'>illo</span> <span class='ocrx_word' id='word_1_130' title='bbox 1452 1536 1706 1576; x_wconf 88' lang='lat' dir='ltr'>pronomen</span> 
     </span>
    </p>
   </div>
   <div class='ocr_carea' id='block_1_9' title="bbox 34 1600 1707 1656">
    <p class='ocr_par' dir='ltr' id='par_1_10' title="bbox 24 1600 1707 1656">
     <span class='ocr_line' id='line_1_17' title="bbox 34 1600 1707 1656; baseline 0.001 -13.988"><span class='ocrx_word' id='word_1_131' title='bbox 34 1615 38 1617; x_wconf 60' lang='grc'><strong>’</strong></span> <span class='ocrx_word' id='word_1_132' title='bbox 98 1600 140 1642; x_wconf 84' lang='lat' dir='ltr'>ei</span> <span class='ocrx_word' id='word_1_133' title='bbox 169 1605 326 1655; x_wconf 87' lang='lat' dir='ltr'>ponat,</span> <span class='ocrx_word' id='word_1_134' title='bbox 361 1605 458 1642; x_wconf 89' lang='lat' dir='ltr'>tum</span> <span class='ocrx_word' id='word_1_135' title='bbox 492 1600 637 1642; x_wconf 89' lang='lat' dir='ltr'>tribus</span> <span class='ocrx_word' id='word_1_136' title='bbox 665 1600 899 1642; x_wconf 89' lang='lat' dir='ltr'>vocabulis</span> <span class='ocrx_word' id='word_1_137' title='bbox 927 1601 1176 1655; x_wconf 87' lang='lat' dir='ltr'>interiectis</span> <span class='ocrx_word' id='word_1_138' title='bbox 1204 1601 1303 1656; x_wconf 87' lang='lat' dir='ltr'>ipso</span> <span class='ocrx_word' id='word_1_139' title='bbox 1331 1602 1494 1643; x_wconf 92' lang='lat' dir='ltr'>iterum</span> <span class='ocrx_word' id='word_1_140' title='bbox 1523 1603 1707 1644; x_wconf 88' lang='lat' dir='ltr'>nomine</span> 
     </span>
    </p>
   </div>
   <div class='ocr_carea' id='block_1_10' title="bbox 98 1680 1710 1738">
    <p class='ocr_par' dir='ltr' id='par_1_11' title="bbox 23 1667 1710 1738">
     <span class='ocr_line' id='line_1_18' title="bbox 98 1680 1710 1738; baseline 0.002 -16.867"><span class='ocrx_word' id='word_1_141' title='bbox 98 1680 285 1735; x_wconf 88' lang='lat' dir='ltr'>proprio</span> <span class='ocrx_word' id='word_1_142' title='bbox 313 1685 468 1722; x_wconf 90' lang='lat' dir='ltr'>utatur</span> <span class='ocrx_word' id='word_1_143' title='bbox 497 1680 553 1735; x_wconf 83' lang='lat' dir='ltr'>(ez&#39;</span> <span class='ocrx_word' id='word_1_144' title='bbox 579 1680 741 1730; x_wconf 87' lang='lat' dir='ltr'>Varus,</span> <span class='ocrx_word' id='word_1_145' title='bbox 773 1695 831 1722; x_wconf 86' lang='lat' dir='ltr'>ex</span> <span class='ocrx_word' id='word_1_146' title='bbox 860 1681 1030 1722; x_wconf 87' lang='lat' dir='ltr'>intimis</span> <span class='ocrx_word' id='word_1_147' title='bbox 1047 1681 1305 1723; x_wconf 84' lang='lat' dir='ltr'>Dolabellae</span> <span class='ocrx_word' id='word_1_148' title='bbox 1322 1682 1478 1724; x_wconf 88' lang='lat' dir='ltr'>amicis</span> <span class='ocrx_word' id='word_1_149' title='bbox 1497 1682 1710 1738; x_wconf 89' lang='lat' dir='ltr'>obiecit)?</span> 
     </span>
    </p>
   </div>
   <div class='ocr_carea' id='block_1_11' title="bbox 98 1759 1711 1818">
    <p class='ocr_par' dir='ltr' id='par_1_12' title="bbox 37 1759 1711 1818">
     <span class='ocr_line' id='line_1_19' title="bbox 98 1759 1711 1818; baseline 0.001 -13.964"><span class='ocrx_word' id='word_1_150' title='bbox 98 1759 232 1803; x_wconf 86' lang='lat' dir='ltr'>Certe</span> <span class='ocrx_word' id='word_1_151' title='bbox 276 1774 368 1802; x_wconf 91' lang='lat' dir='ltr'>non</span> <span class='ocrx_word' id='word_1_152' title='bbox 410 1761 518 1802; x_wconf 85' lang='lat' dir='ltr'>fecit</span> <span class='ocrx_word' id='word_1_153' title='bbox 561 1761 762 1812; x_wconf 88' lang='lat' dir='ltr'>Tacitus,</span> <span class='ocrx_word' id='word_1_154' title='bbox 805 1762 901 1812; x_wconf 91' lang='lat' dir='ltr'>sed,</span> <span class='ocrx_word' id='word_1_155' title='bbox 947 1763 1072 1816; x_wconf 91' lang='lat' dir='ltr'>quod</span> <span class='ocrx_word' id='word_1_156' title='bbox 1107 1762 1327 1817; x_wconf 88' lang='lat' dir='ltr'>elegantis</span> <span class='ocrx_word' id='word_1_157' title='bbox 1362 1769 1430 1804; x_wconf 91' lang='lat' dir='ltr'>est</span> <span class='ocrx_word' id='word_1_158' title='bbox 1463 1764 1711 1818; x_wconf 88' lang='lat' dir='ltr'>scriptoris,</span> 
     </span>
    </p>
   </div>
   <div class='ocr_carea' id='block_1_12' title="bbox 35 1842 1707 1898">
    <p class='ocr_par' dir='ltr' id='par_1_13' title="bbox 27 1842 1707 1898">
     <span class='ocr_line' id='line_1_20' title="bbox 35 1842 1707 1898; baseline 0.002 -15.986"><span class='ocrx_word' id='word_1_159' title='bbox 35 1872 37 1874; x_wconf 92' lang='grc'>-</span> <span class='ocrx_word' id='word_1_160' title='bbox 96 1842 420 1883; x_wconf 86' lang='lat' dir='ltr'>tantummodo</span> <span class='ocrx_word' id='word_1_161' title='bbox 451 1855 507 1884; x_wconf 82' lang='lat' dir='ltr'>ex</span> <span class='ocrx_word' id='word_1_162' title='bbox 535 1842 706 1884; x_wconf 72' lang='lat' dir='ltr'>intimis</span> <span class='ocrx_word' id='word_1_163' title='bbox 731 1843 889 1884; x_wconf 77' lang='lat' dir='ltr'>amicis</span> <span class='ocrx_word' id='word_1_164' title='bbox 917 1843 1110 1897; x_wconf 90' lang='lat' dir='ltr'>scripsit,</span> <span class='ocrx_word' id='word_1_165' title='bbox 1140 1843 1326 1884; x_wconf 89' lang='lat' dir='ltr'>minime</span> <span class='ocrx_word' id='word_1_166' title='bbox 1356 1844 1570 1885; x_wconf 87' lang='lat' dir='ltr'>dubitans</span> <span class='ocrx_word' id='word_1_167' title='bbox 1599 1844 1707 1898; x_wconf 91' lang='lat' dir='ltr'>quin</span> 
     </span>
    </p>
   </div>
   <div class='ocr_carea' id='block_1_13' title="bbox 19 1905 1708 1976">
    <p class='ocr_par' dir='ltr' id='par_1_14' title="bbox 19 1905 1708 1976">
     <span class='ocr_line' id='line_1_21' title="bbox 19 1905 1708 1976; baseline 0.002 -14"><span class='ocrx_word' id='word_1_168' title='bbox 19 1905 35 1956; x_wconf 39' lang='lat'>¹,</span> <span class='ocrx_word' id='word_1_169' title='bbox 95 1921 251 1962; x_wconf 87' lang='lat' dir='ltr'>statim</span> <span class='ocrx_word' id='word_1_170' title='bbox 284 1922 476 1976; x_wconf 85' lang='lat' dir='ltr'>quisque</span> <span class='ocrx_word' id='word_1_171' title='bbox 509 1921 821 1964; x_wconf 89' lang='lat' dir='ltr'>intellecturus</span> <span class='ocrx_word' id='word_1_172' title='bbox 853 1928 972 1964; x_wconf 92' lang='lat' dir='ltr'>esset</span> <span class='ocrx_word' id='word_1_173' title='bbox 1005 1936 1029 1963; x_wconf 93' lang='lat' dir='ltr'>e</span> <span class='ocrx_word' id='word_1_174' title='bbox 1062 1923 1317 1965; x_wconf 85' lang='lat' dir='ltr'>Dolabellae</span> <span class='ocrx_word' id='word_1_175' title='bbox 1349 1924 1519 1965; x_wconf 86' lang='lat' dir='ltr'>intimis</span> <span class='ocrx_word' id='word_1_176' title='bbox 1551 1924 1708 1965; x_wconf 85' lang='lat' dir='ltr'>amicis</span> 
     </span>
    </p>
   </div>
   <div class='ocr_carea' id='block_1_14' title="bbox 23 2001 1704 2222">
    <p class='ocr_par' dir='ltr' id='par_1_15' title="bbox 23 2001 1704 2222">
     <span class='ocr_line' id='line_1_22' title="bbox 24 2001 454 2055; baseline 0 -11"><span class='ocrx_word' id='word_1_177' title='bbox 24 2015 28 2055; x_wconf 81' lang='lat' dir='ltr'>j</span> <span class='ocrx_word' id='word_1_178' title='bbox 96 2001 231 2044; x_wconf 84' lang='lat' dir='ltr'>fuisse</span> <span class='ocrx_word' id='word_1_179' title='bbox 265 2002 454 2044; x_wconf 87' lang='lat' dir='ltr'>Varum.</span> 
     </span>
     <span class='ocr_line' id='line_1_23' title="bbox 23 2078 1704 2143; baseline 0.002 -19"><span class='ocrx_word' id='word_1_180' title='bbox 23 2138 33 2143; x_wconf 61' lang='lat'>„</span> <span class='ocrx_word' id='word_1_181' title='bbox 157 2082 216 2124; x_wconf 93' lang='lat' dir='ltr'>H.</span> <span class='ocrx_word' id='word_1_182' title='bbox 242 2078 308 2133; x_wconf 80' lang='lat'>11,</span> <span class='ocrx_word' id='word_1_183' title='bbox 343 2084 423 2138; x_wconf 88' lang='lat'>78:</span> <span class='ocrx_word' id='word_1_184' title='bbox 458 2083 798 2137; x_wconf 88' lang='lat' dir='ltr'>„Recursabant</span> <span class='ocrx_word' id='word_1_185' title='bbox 825 2084 978 2126; x_wconf 90' lang='lat' dir='ltr'>animo</span> <span class='ocrx_word' id='word_1_186' title='bbox 1008 2084 1312 2139; x_wconf 87' lang='lat' dir='ltr'>(Vespasiani)</span> <span class='ocrx_word' id='word_1_187' title='bbox 1345 2091 1500 2127; x_wconf 89' lang='lat' dir='ltr'>vetera</span> <span class='ocrx_word' id='word_1_188' title='bbox 1527 2087 1704 2127; x_wconf 88' lang='lat' dir='ltr'>omina:</span> 
     </span>
     <span class='ocr_line' id='line_1_24' title="bbox 29 2162 1703 2222; baseline 0.002 -17"><span class='ocrx_word' id='word_1_189' title='bbox 29 2178 37 2195; x_wconf 60' lang='grc' dir='ltr'><strong><em>τ</em></strong></span> <span class='ocrx_word' id='word_1_190' title='bbox 95 2177 334 2219; x_wconf 88' lang='lat' dir='ltr'>cupressus</span> <span class='ocrx_word' id='word_1_191' title='bbox 367 2162 534 2222; x_wconf 87' lang='lat' dir='ltr'>[arbor]</span> <span class='ocrx_word' id='word_1_192' title='bbox 568 2165 612 2206; x_wconf 86' lang='lat' dir='ltr'>in</span> <span class='ocrx_word' id='word_1_193' title='bbox 645 2166 764 2220; x_wconf 88' lang='lat' dir='ltr'>agris</span> <span class='ocrx_word' id='word_1_194' title='bbox 799 2165 907 2215; x_wconf 88' lang='lat' dir='ltr'>eius,</span> <span class='ocrx_word' id='word_1_195' title='bbox 941 2166 1188 2219; x_wconf 88' lang='lat' dir='ltr'>conspicua</span> <span class='ocrx_word' id='word_1_196' title='bbox 1221 2165 1476 2216; x_wconf 89' lang='lat' dir='ltr'>altitudine,</span> <span class='ocrx_word' id='word_1_197' title='bbox 1513 2173 1703 2221; x_wconf 90' lang='lat' dir='ltr'>repente</span> 
     </span>
    </p>
   </div>
   <div class='ocr_carea' id='block_1_15' title="bbox 15 2235 575 2299">
    <p class='ocr_par' dir='ltr' id='par_1_16' title="bbox 15 2232 575 2299">
     <span class='ocr_line' id='line_1_25' title="bbox 15 2235 575 2299; baseline 0.004 -14"><span class='ocrx_word' id='word_1_198' title='bbox 15 2235 29 2241; x_wconf 59' lang='grc'><em>”</em></span> <span class='ocrx_word' id='word_1_199' title='bbox 96 2244 357 2299; x_wconf 88' lang='lat' dir='ltr'>prociderat</span> <span class='ocrx_word' id='word_1_200' title='bbox 388 2258 426 2285; x_wconf 91' lang='lat' dir='ltr'>e.</span> <span class='ocrx_word' id='word_1_201' title='bbox 447 2258 490 2299; x_wconf 93' lang='lat' dir='ltr'>q.</span> <span class='ocrx_word' id='word_1_202' title='bbox 510 2244 575 2287; x_wconf 91' lang='lat' dir='ltr'>s.&#39;’</span> 
     </span>
    </p>
   </div>
   <div class='ocr_carea' id='block_1_16' title="bbox 21 2323 1701 2701">
    <p class='ocr_par' dir='ltr' id='par_1_17' title="bbox 22 2323 1701 2540">
     <span class='ocr_line' id='line_1_26' title="bbox 22 2323 1700 2381; baseline 0.003 -16"><span class='ocrx_word' id='word_1_203' title='bbox 22 2378 24 2380; x_wconf 12' lang='lat' dir='ltr'>v</span> <span class='ocrx_word' id='word_1_204' title='bbox 156 2323 493 2366; x_wconf 90' lang='lat' dir='ltr'>Balbutientem</span> <span class='ocrx_word' id='word_1_205' title='bbox 519 2325 651 2366; x_wconf 91' lang='lat' dir='ltr'>nobis</span> <span class='ocrx_word' id='word_1_206' title='bbox 668 2325 879 2367; x_wconf 91' lang='lat' dir='ltr'>Tacitum</span> <span class='ocrx_word' id='word_1_207' title='bbox 898 2325 1118 2375; x_wconf 87' lang='lat' dir='ltr'>exhibuit,</span> <span class='ocrx_word' id='word_1_208' title='bbox 1139 2327 1215 2380; x_wconf 90' lang='lat' dir='ltr'>qui</span> <span class='ocrx_word' id='word_1_209' title='bbox 1235 2327 1405 2381; x_wconf 86' lang='lat' dir='ltr'>primus</span> <span class='ocrx_word' id='word_1_210' title='bbox 1424 2327 1543 2369; x_wconf 89' lang='lat' dir='ltr'>istud</span> <span class='ocrx_word' id='word_1_211' title='bbox 1561 2328 1700 2370; x_wconf 80' lang='lat' dir='ltr'>arbor</span> 
     </span>
     <span class='ocr_line' id='line_1_27' title="bbox 25 2404 1701 2467; baseline 0.003 -21.991"><span class='ocrx_word' id='word_1_212' title='bbox 25 2462 27 2467; x_wconf 22' lang='grc' dir='ltr'><strong><em>Δ</em></strong></span> <span class='ocrx_word' id='word_1_213' title='bbox 95 2404 247 2445; x_wconf 91' lang='lat' dir='ltr'>verbis</span> <span class='ocrx_word' id='word_1_214' title='bbox 279 2405 373 2446; x_wconf 89' lang='lat' dir='ltr'>eius</span> <span class='ocrx_word' id='word_1_215' title='bbox 405 2405 587 2447; x_wconf 89' lang='lat' dir='ltr'>adiecit.</span> <span class='ocrx_word' id='word_1_216' title='bbox 622 2405 710 2447; x_wconf 93' lang='lat' dir='ltr'>Hic</span> <span class='ocrx_word' id='word_1_217' title='bbox 744 2419 927 2460; x_wconf 90' lang='lat' dir='ltr'>quoque</span> <span class='ocrx_word' id='word_1_218' title='bbox 961 2406 1132 2460; x_wconf 88' lang='lat' dir='ltr'>primus</span> <span class='ocrx_word' id='word_1_219' title='bbox 1166 2406 1423 2448; x_wconf 89' lang='lat' dir='ltr'>mortalium</span> <span class='ocrx_word' id='word_1_220' title='bbox 1458 2408 1701 2450; x_wconf 89' lang='lat' dir='ltr'>veritatem</span> 
     </span>
     <span class='ocr_line' id='line_1_28' title="bbox 22 2484 775 2540; baseline 0.003 -15"><span class='ocrx_word' id='word_1_221' title='bbox 22 2492 28 2503; x_wconf 73' lang='grc'><em>”</em></span> <span class='ocrx_word' id='word_1_222' title='bbox 95 2484 284 2538; x_wconf 89' lang='lat' dir='ltr'>agnovit</span> <span class='ocrx_word' id='word_1_223' title='bbox 315 2484 598 2540; x_wconf 88' lang='lat' dir='ltr'>Leopoldius</span> <span class='ocrx_word' id='word_1_224' title='bbox 632 2499 775 2527; x_wconf 90' lang='lat' dir='ltr'>meus.</span> 
     </span>
    </p>

    <p class='ocr_par' dir='ltr' id='par_1_18' title="bbox 18 2547 1701 2701">
     <span class='ocr_line' id='line_1_29' title="bbox 21 2547 1701 2626; baseline 0.003 -21"><span class='ocrx_word' id='word_1_225' title='bbox 21 2547 25 2626; x_wconf 26' lang='lat' dir='ltr'>j</span> <span class='ocrx_word' id='word_1_226' title='bbox 157 2564 215 2606; x_wconf 90' lang='lat' dir='ltr'>H.</span> <span class='ocrx_word' id='word_1_227' title='bbox 249 2565 307 2615; x_wconf 92' lang='lat' dir='ltr'>II,</span> <span class='ocrx_word' id='word_1_228' title='bbox 340 2575 412 2620; x_wconf 88' lang='lat'>95.</span> <span class='ocrx_word' id='word_1_229' title='bbox 447 2566 511 2608; x_wconf 95' lang='lat' dir='ltr'>Ut</span> <span class='ocrx_word' id='word_1_230' title='bbox 543 2567 769 2621; x_wconf 85' lang='lat' dir='ltr'>significet</span> <span class='ocrx_word' id='word_1_231' title='bbox 801 2581 937 2622; x_wconf 88' lang='lat' dir='ltr'>quam</span> <span class='ocrx_word' id='word_1_232' title='bbox 972 2572 1146 2607; x_wconf 89' lang='lat' dir='ltr'>mature</span> <span class='ocrx_word' id='word_1_233' title='bbox 1181 2581 1349 2608; x_wconf 90' lang='lat' dir='ltr'>novum</span> <span class='ocrx_word' id='word_1_234' title='bbox 1384 2567 1492 2609; x_wconf 91' lang='lat' dir='ltr'>illud</span> <span class='ocrx_word' id='word_1_235' title='bbox 1528 2568 1701 2611; x_wconf 91' lang='lat' dir='ltr'>Vitellii</span> 
     </span>
     <span class='ocr_line' id='line_1_30' title="bbox 30 2644 1700 2701; baseline 0.004 -15.957"><span class='ocrx_word' id='word_1_236' title='bbox 30 2658 34 2659; x_wconf 49' lang='lat'><em>⁷</em></span> <span class='ocrx_word' id='word_1_237' title='bbox 94 2644 335 2699; x_wconf 90' lang='lat' dir='ltr'>imperium</span> <span class='ocrx_word' id='word_1_238' title='bbox 369 2647 522 2687; x_wconf 92' lang='lat' dir='ltr'>omnia</span> <span class='ocrx_word' id='word_1_239' title='bbox 555 2648 756 2701; x_wconf 90' lang='lat' dir='ltr'>priorum</span> <span class='ocrx_word' id='word_1_240' title='bbox 789 2660 1032 2701; x_wconf 89' lang='lat' dir='ltr'>regnorum</span> <span class='ocrx_word' id='word_1_241' title='bbox 1066 2647 1176 2687; x_wconf 91' lang='lat' dir='ltr'>vitia</span> <span class='ocrx_word' id='word_1_242' title='bbox 1208 2649 1499 2698; x_wconf 86' lang='lat' dir='ltr'>contraxerit,</span> <span class='ocrx_word' id='word_1_243' title='bbox 1534 2654 1580 2690; x_wconf 90' lang='lat' dir='ltr'>et</span> <span class='ocrx_word' id='word_1_244' title='bbox 1612 2649 1700 2691; x_wconf 89' lang='lat' dir='ltr'>alia</span> 
     </span>
    </p>
   </div>
   <div class='ocr_carea' id='block_1_17' title="bbox 23 2706 1464 2769">
    <p class='ocr_par' dir='ltr' id='par_1_19' title="bbox 23 2706 1464 2769">
     <span class='ocr_line' id='line_1_31' title="bbox 23 2706 1464 2769; baseline 0.002 -3"><span class='ocrx_word' id='word_1_245' title='bbox 23 2706 30 2744; x_wconf 31' lang='grc' dir='ltr'><em>Τ</em></span> <span class='ocrx_word' id='word_1_246' title='bbox 95 2725 235 2766; x_wconf 87' lang='lat' dir='ltr'>tradit</span> <span class='ocrx_word' id='word_1_247' title='bbox 267 2725 453 2767; x_wconf 89' lang='lat' dir='ltr'>Tacitus</span> <span class='ocrx_word' id='word_1_248' title='bbox 485 2732 532 2768; x_wconf 87' lang='lat' dir='ltr'>et</span> <span class='ocrx_word' id='word_1_249' title='bbox 564 2727 650 2768; x_wconf 92' lang='lat' dir='ltr'>hoc</span> <span class='ocrx_word' id='word_1_250' title='bbox 683 2728 942 2768; x_wconf 90' lang='lat' dir='ltr'>acutissima</span> <span class='ocrx_word' id='word_1_251' title='bbox 976 2726 1183 2767; x_wconf 88' lang='lat' dir='ltr'>enuntiat</span> <span class='ocrx_word' id='word_1_252' title='bbox 1215 2727 1464 2769; x_wconf 89' lang='lat' dir='ltr'>brevitate:</span> 
     </span>
    </p>
   </div>
   <div class='ocr_carea' id='block_1_18' title="bbox 0 0 67 3412">
    <p class='ocr_par' dir='ltr' id='par_1_20' title="bbox 0 0 67 3412">
     <span class='ocr_line' id='line_1_32' title="bbox 0 0 67 3412; baseline 0 0"><span class='ocrx_word' id='word_1_253' title='bbox 0 0 67 3412; x_wconf 95' lang='lat' dir='ltr'> </span> 
     </span>
    </p>
   </div>
   <div class='ocr_carea' id='block_1_19' title="bbox 94 2804 1702 3024">
    <p class='ocr_par' dir='ltr' id='par_1_21' title="bbox 94 2804 1702 3024">
     <span class='ocr_line' id='line_1_33' title="bbox 157 2804 1698 2864; baseline 0.005 -19"><span class='ocrx_word' id='word_1_254' title='bbox 157 2804 375 2846; x_wconf 91' lang='lat' dir='ltr'>Nondum</span> <span class='ocrx_word' id='word_1_255' title='bbox 419 2812 605 2859; x_wconf 88' lang='lat' dir='ltr'>quartus</span> <span class='ocrx_word' id='word_1_256' title='bbox 642 2821 669 2848; x_wconf 92' lang='lat' dir='ltr'>a</span> <span class='ocrx_word' id='word_1_257' title='bbox 701 2807 893 2848; x_wconf 91' lang='lat' dir='ltr'>victoria</span> <span class='ocrx_word' id='word_1_258' title='bbox 927 2806 1093 2846; x_wconf 88' lang='lat' dir='ltr'>mensis</span> <span class='ocrx_word' id='word_1_259' title='bbox 1126 2811 1172 2846; x_wconf 88' lang='lat' dir='ltr'>et</span> <span class='ocrx_word' id='word_1_260' title='bbox 1202 2807 1427 2850; x_wconf 80' lang='lat' dir='ltr'>Asiaticus</span> <span class='ocrx_word' id='word_1_261' title='bbox 1459 2808 1698 2864; x_wconf 86' lang='lat' dir='ltr'>Polyclitos</span> 
     </span>
     <span class='ocr_line' id='line_1_34' title="bbox 94 2884 1366 2939; baseline 0.002 -13"><span class='ocrx_word' id='word_1_262' title='bbox 94 2884 332 2927; x_wconf 79' lang='lat' dir='ltr'>Patrobios</span> <span class='ocrx_word' id='word_1_263' title='bbox 365 2891 411 2926; x_wconf 91' lang='lat' dir='ltr'>et</span> <span class='ocrx_word' id='word_1_264' title='bbox 443 2892 599 2928; x_wconf 90' lang='lat' dir='ltr'>vetera</span> <span class='ocrx_word' id='word_1_265' title='bbox 633 2888 841 2929; x_wconf 92' lang='lat' dir='ltr'>odiorum</span> <span class='ocrx_word' id='word_1_266' title='bbox 876 2887 1061 2928; x_wconf 91' lang='lat' dir='ltr'>nomina</span> <span class='ocrx_word' id='word_1_267' title='bbox 1093 2887 1366 2939; x_wconf 88' lang='lat' dir='ltr'>aequabat.”</span> 
     </span>
     <span class='ocr_line' id='line_1_35' title="bbox 157 2965 1702 3024; baseline 0.004 -18"><span class='ocrx_word' id='word_1_268' title='bbox 157 2965 278 3006; x_wconf 89' lang='lat' dir='ltr'>Bene</span> <span class='ocrx_word' id='word_1_269' title='bbox 307 2965 544 3007; x_wconf 89' lang='lat' dir='ltr'>nobiscum</span> <span class='ocrx_word' id='word_1_270' title='bbox 572 2973 725 3009; x_wconf 87' lang='lat' dir='ltr'>actum</span> <span class='ocrx_word' id='word_1_271' title='bbox 749 2967 971 3009; x_wconf 85' lang='lat' dir='ltr'>fateamur</span> <span class='ocrx_word' id='word_1_272' title='bbox 988 2967 1112 3020; x_wconf 90' lang='lat' dir='ltr'>quod</span> <span class='ocrx_word' id='word_1_273' title='bbox 1133 2980 1223 3007; x_wconf 90' lang='lat' dir='ltr'>non</span> <span class='ocrx_word' id='word_1_274' title='bbox 1242 2968 1286 3008; x_wconf 92' lang='lat' dir='ltr'>in</span> <span class='ocrx_word' id='word_1_275' title='bbox 1306 2970 1464 3010; x_wconf 92' lang='lat' dir='ltr'>codice</span> <span class='ocrx_word' id='word_1_276' title='bbox 1481 2970 1560 3011; x_wconf 89' lang='lat' dir='ltr'>sit:</span> <span class='ocrx_word' id='word_1_277' title='bbox 1594 3003 1611 3024; x_wconf 91' lang='lat'>„</span> <span class='ocrx_word' id='word_1_278' title='bbox 1629 2970 1702 3012; x_wconf 68' lang='lat' dir='ltr'>Vi-</span> 
     </span>
    </p>
   </div>
  </div>
 </body>
</html>
