2040 3412
1063 286 1144 327 116

303 414 407 446 usus
438 419 536 446 sum
571 405 719 446 verbis
752 419 854 446 cum
887 406 944 446 de
977 406 1228 460 confusione
1259 409 1305 445 et
1331 404 1506 446 incuria
1535 403 1770 458 loquebar,
1800 403 1905 459 qui-2

302 485 386 526 bus
418 491 516 527 tota
547 485 622 526 illa
655 486 712 526 de
746 485 907 527 Pisone
940 486 1137 527 narratio
1170 483 1424 527 laboraret?
1958 470 1965 477 ‘

362 566 420 607 A.
455 567 487 616 I,
530 567 593 607 16.
637 566 723 607 Hic
765 566 889 608 locus
923 572 990 608 est
1024 567 1099 608 ubi
1134 566 1319 607 Tacitus
1351 564 1472 606 nulla
1504 578 1583 606 sua
1616 563 1749 619 culpa
1782 563 1905 607 male
1949 557 1960 572 ’

301 647 358 687 sit
400 645 656 688 intellectus
699 652 745 688 et
789 660 1001 701 perversa
1047 646 1312 688 sollicitatus
1360 644 1695 686 emendatione.
1739 643 1801 686 Et
1843 657 1925 702 ne4
1956 680 1965 688 ,

302 726 410 768 illud
454 727 640 781 quidem
684 727 795 768 vitio
830 727 870 768 ei
905 727 1105 768 dandum
1140 727 1262 781 quod
1297 725 1493 766 narratio
1527 724 1622 766 eius
1653 723 1904 779 diligentis&
1970 711 1971 714 ¹

300 807 459 848 simam
488 807 730 848 lectionem
758 812 803 848 et
830 806 1081 861 longiorem
1109 806 1294 860 requirit
1318 805 1708 860 explanationem3
1732 816 1904 859 aequa-.
1969 800 2010 864 [f

300 886 378 936 les,
422 887 585 941 quibus
620 887 862 936 scribebat,
906 887 1049 942 ipsam
1095 901 1188 928 rem
1232 887 1404 941 optime
1438 885 1738 940 facillimeque
1770 883 1902 927 intel·

301 967 516 1020 ligebant.
552 968 621 1008 De
657 968 1016 1009 Pannonicarum
1044 956 1273 1021 legionum
1303 966 1537 1024 seditione
1555 970 1812 1007 narraturus
1837 964 1902 1011 ita·

301 1047 482 1102 incipit:
1787 1051 1791 1053 ’
1979 1038 1982 1039 ⁷

364 1127 558 1181 „Castris
591 1128 774 1169 aestivis
806 1134 897 1169 tres
930 1127 1061 1169 simul
1094 1127 1296 1181 legiones
1329 1124 1659 1167 habebantur”.
1728 1131 1731 1134 ⁴

361 1209 446 1249 Pro
475 1209 656 1250 aestivis
683 1208 889 1250 Sirkerus
917 1208 1112 1249 coniecit
1140 1207 1349 1256 hibernis,
1378 1206 1620 1260 potuitque
1646 1204 1903 1247 sententiae
1967 1189 1974 1230 3>
1999 1187 2009 1234 ἓν

299 1301 405 1329 suae
440 1294 757 1342 argumentum
790 1288 948 1329 afferre
982 1288 1231 1328 admodum
1264 1287 1533 1341 speciosum.
1563 1285 1748 1327 Etenim
1775 1298 1813 1326 c.
1844 1294 1902 1341 27,
1960 1295 2000 1339 f.

301 1367 381 1410 Cn.
419 1368 647 1410 ¹Lentulus
690 1369 853 1410 dicitur
895 1368 1080 1410 hiberna
1117 1375 1268 1409 castra
1302 1372 1523 1422 repetere.
1555 1365 1622 1407 At
1655 1363 1902 1408 Lentulum

300 1447 438 1498 illum,
483 1449 559 1502 qui
603 1447 685 1489 fuit
718 1462 742 1489 e
777 1449 910 1489 Drusi
954 1448 1188 1497 comitatu,
1233 1447 1398 1488 milites
1439 1446 1587 1488 adorti
1629 1450 1736 1487 sunt
1768 1445 1814 1487 in
1847 1444 1902 1487 iis

300 1529 457 1569 castris
500 1529 556 1570 de
601 1529 764 1583 quibus
806 1535 906 1570 toto
950 1543 988 1570 c.
1029 1529 1079 1570 16
1122 1542 1270 1569 sermo
1304 1533 1394 1578 est;
1428 1527 1463 1569 si
1496 1540 1605 1581 ergo
1635 1527 1682 1569 'in
1712 1525 1900 1569 hiberna

301 1608 427 1662 fugit,
471 1608 721 1663 periculum
764 1608 887 1658 illud,
929 1609 1052 1662 quod
1095 1608 1238 1649 vitare
1282 1607 1390 1657 vult,
1434 1607 1479 1648 in
1520 1606 1701 1649 aestivis
1741 1611 1899 1648 natum

259 1742 267 1750 .
301 1694 382 1730 est.
411 1689 663 1738 Praeterea,
690 1689 726 1730 si
756 1687 923 1730 Sirkeri
951 1688 1258 1730 coniecturam
1286 1687 1544 1741 probamus,
1564 1691 1750 1740 magnas
1768 1685 1900 1731 nobis

300 1768 487 1809 exhibet
516 1768 745 1810 molestias
773 1768 934 1823 capitis
963 1778 1013 1821 25
1045 1768 1238 1808 initium.
1267 1766 1389 1820 Quid
1410 1764 1559 1807 enim?
1583 1779 1622 1807 c.
1646 1765 1698 1807 16
1714 1765 1897 1824 Sirkero
1959 1750 2009 1817 ,ἦ

299 1853 485 1889 auctore
513 1849 557 1888 in
586 1848 743 1889 castris
769 1848 966 1890 hibernis
992 1853 1083 1889 tres
1110 1847 1241 1888 simul
1269 1846 1470 1900 legiones
1488 1851 1617 1888 erant
1633 1846 1749 1888 duce
1767 1841 1898 1888 Iunio

301 1927 460 1969 Blaeso
510 1929 611 1982 „qui
655 1928 743 1969 fine
786 1927 983 1982 Augusti
1026 1933 1072 1968 et
1114 1928 1252 1969 initiis
1285 1927 1455 1968 Tiberii
1488 1927 1654 1968 auditis
1688 1925 1898 1969 ..inters

301 2007 483 2048 miserat
515 2007 647 2048 solita
682 2008 846 2048 munia.
881 2007 950 2048 Eo
983 2007 1206 2062 principio
1238 2006 1442 2048 lascivire
1470 2005 1611 2056 miles,
1638 2005 1899 2048 discordare

299 2088 356 2142 (v.
391 2089 447 2129 de
482 2088 565 2129 hac
593 2088 705 2129 x'oce
733 2087 823 2129 vol.
852 2087 988 2128 XXX
1017 2102 1060 2142 p.
1093 2088 1177 2141 346
1193 2086 1305 2141 sq.)'’
1326 2119 1335 2128 .
1357 2119 1365 2128 .
1386 2119 1395 2128 .
1416 2119 1425 2128 .
1445 2086 1642 2140 denique
1669 2086 1715 2129 in
1740 2086 1897 2147 castris
1931 2151 1935 2153 λ
1982 2062 2026 2142 {s

297 2167 493 2209 lzz'bernz's
521 2181 683 2222 magna
712 2169 937 2222 quaedam
966 2168 1120 2209 existit
1148 2167 1325 2217 seditio,
1354 2167 1412 2208 ad
1440 2180 1578 2221 quam
1596 2166 1897 2221 comprimen-

297 2247 401 2288 dam
447 2247 654 2288 Tiberius
698 2247 893 2288 Drusum
935 2261 1037 2289 cum
1081 2247 1352 2301 primoribus
1395 2247 1592 2288 civitatis
1634 2251 1680 2288 et
1717 2245 1897 2288 aliis‘et

297 2326 377 2368 Cn.
427 2326 623 2368 Lentulo
673 2327 835 2368 mittit:
890 2332 1158 2381 „postquam
1207 2326 1374 2368 vallum
1421 2325 1622 2368 introiit”
1665 2325 1893 2383 (nimirum

296 2406 748 2475 Drusususimulque
792 2406 873 2448 Cn.
917 2407 1138 2448 Lentulus
1181 2406 1269 2461 alii)
1305 2438 1314 2447 .
1349 2438 1359 2447 .
1395 2438 1404 2447 .
1440 2438 1449 2447 .
1484 2406 1663 2456 vallum,
1698 2419 1806 2468 ergo
1839 2405 1893 2462 (si

294 2487 434 2527 semel
466 2486 697 2529 Sirkerum
729 2487 974 2540 sequimur)
1007 2487 1302 2535 hibernorum,
1332 2499 1437 2527 narn
1465 2486 1522 2526 de
1549 2485 1646 2526 aliis
1674 2478 1792 2527 nunc
1816 2483 1893 2539 agi

296 2567 451 2608 castris
485 2572 530 2607 et
558 2580 648 2607 non
678 2567 734 2607 de
763 2567 827 2616 iis,
857 2581 973 2621 quae
1001 2581 1038 2608 c.
1075 2567 1126 2608 16
1153 2571 1581 2615 commemorantur,
1609 2578 1744 2623 nemo
1760 2564 1894 2620 quid-2

296 2659 431 2698 quam
475 2659 557 2687 nos
597 2646 746 2687 docet.
792 2647 933 2700 Igitur
976 2646 1020 2687 in
1064 2646 1260 2688 hibernis
1302 2646 1472 2687 Drusus
1514 2645 1679 2689 milites
1710 2645 1894 2701 placare
1958 2629 1978 2643 ’

293 2726 462 2775 studet,
505 2727 549 2766 in
593 2726 789 2768 hibernis
824 2732 1072 2768 contumax
1104 2740 1130 2767 a
1162 2726 1379 2767 militibus
1411 2726 1575 2780 accipit
1607 2730 1891 2783 responsurus
1967 2784 1975 2788 m

295 2806 339 2846 in
383 2806 578 2847 hibernis
610 2806 802 2848 militum
840 2807 904 2848 ira
936 2807 1199 2861 praesertim
1233 2807 1278 2847 in
1312 2805 1392 2847 Cn.
1429 2805 1671 2847 Lentulum
1703 2819 1751 2862 se
1783 2819 1893 2848 con-2
1931 2798 1938 2807 ²

296 2886 444 2935 vertit,
479 2886 554 2939 qui
589 2892 710 2927 metu
746 2887 976 2940 perculsus
1009 2886 1181 2940 aufugit
1211 2918 1220 2926 .
1240 2918 1249 2927 .
1270 2917 1279 2926 .
1300 2917 1309 2926 .
1339 2890 1384 2925 et
1416 2885 1600 2927 hiberna
1627 2885 1762 2939 petit.v
1785 2884 1889 2928 Pro-s
1987 2876 1993 2885 ⁰

295 2965 414 3007 fecto
442 2966 498 3006 ad
526 2966 685 3007 incitas
714 2980 794 3007 nos
823 2967 1010 3008 doctum
1038 2966 1146 3019 illud
1177 2965 1344 3007 Sirkeri
1372 2965 1536 3019 redigit
1563 2968 1886 3006 commentum.
