2040 3412
875 322 958 368 277

116 443 254 486 quam
296 429 489 472 lascivos
531 444 610 472 eos
641 430 775 474 fuisse
808 434 1045 476 credamus
1078 435 1123 476 in
1157 435 1404 478 Vitelliana
1441 435 1574 477 turba
1607 435 1715 477 ista!

40 500 77 558 ³..
114 510 237 554 Vide
263 524 401 566 quam
429 511 610 566 egregie
637 526 770 563 nune,
805 514 848 554 in
879 515 1075 556 eundem
1103 529 1298 566 sensum,
1327 516 1438 558 haec
1465 516 1713 558 addantur:

116 596 213 646 „tot
253 590 508 646 legatorum
551 592 892 647 amicorumque
933 595 1187 645 comitatus,
1223 595 1433 637 inhabilis
1465 597 1523 637 ad
1557 609 1716 651 paren-

55 701 75 733 3
113 672 236 722 dum,
268 673 446 715 etiamsi
473 687 649 715 summa
681 674 891 716 modestia
923 675 1201 730 regeretur.”
1235 677 1363 718 Idem
1396 683 1464 718 est
1491 677 1717 718 exercitus

43 783 59 806 -f
113 752 332 795 modestus
358 757 404 794 et
429 766 621 794 severus.
651 753 938 795 Adverbium
965 769 1113 798 severe
1138 756 1196 797 de
1226 757 1443 798 militibus
1460 757 1716 798 adhibitum

35 855 42 879 ς
110 830 276 887 legitur
308 831 368 873 A.
396 832 478 883 IV,
510 843 534 873 2
565 833 659 887 (cur
685 833 894 875 Tiberius
921 834 1132 880 cohortes
1159 837 1354 878 urbanas
1381 837 1426 879 in
1454 851 1543 879 una
1570 842 1717 878 castra

113 912 394 974 contraxerit
429 913 659 968 traditur):
704 902 1066 968 „Praetendebat
1098 915 1303 978 lascivire
1336 917 1526 958 militem
1560 917 1716 958 diduc-

26 995 50 1040 ’χ
114 997 235 1044 tum;
279 993 316 1034 si
350 992 460 1047 quid
493 993 694 1035 subitum
726 994 919 1049 ingruat,
954 997 1123 1054 maiore
1156 995 1324 1038 auxilio
1356 998 1525 1052 pariter
1555 997 1716 1038 subve-

31 1088 50 1122 ,ᾗ
113 1071 221 1125 niri;
271 1077 318 1114 et
359 1073 559 1114 severius
601 1079 794 1124 acturos,
838 1075 874 1116 si
918 1075 1086 1117 vallum
1129 1081 1353 1118 statuatur
1394 1077 1551 1131 procul
1593 1077 1716 1119 urbis

114 1151 383 1195 illecebris.”

169 1231 480 1288 opponuntur
512 1234 630 1275 inter
661 1248 708 1276 se
742 1235 951 1278 lascivire
981 1241 1027 1277 et
1058 1250 1207 1279 severe
1237 1251 1384 1292 agere.

169 1393 228 1436 H.
273 1394 330 1445 ΙΙ,
368 1395 438 1436 88.
482 1395 689 1437 Vixdum
732 1396 892 1438 urbem
936 1397 1216 1439 intraverant
1258 1399 1381 1440 saevi
1426 1399 1499 1440 isti
1542 1400 1714 1455 ferique

34 1507 36 1510 >
108 1473 284 1517 Vitellii
318 1474 484 1517 milites
515 1480 562 1517 et
595 1475 685 1517 iam
718 1475 891 1530 proelia
923 1475 1037 1518 fiunt
1069 1477 1324 1531 caedesque
1358 1478 1545 1520 civium:

45 1539 47 1542 r
172 1568 302 1610 „cum
334 1556 516 1598 turbam
549 1555 706 1611 populi
741 1570 822 1611 per
853 1557 1078 1598 inscitiam
1107 1571 1266 1612 parum
1295 1559 1503 1609 vitarent,
1532 1565 1611 1601 aut
1638 1561 1715 1602 ubi

110 1635 286 1678 lubrico
329 1636 430 1678 viae
472 1636 545 1678 vel
588 1650 777 1678 occursu
819 1636 1005 1678 alicuius
1048 1638 1364 1692 procidissent,
1405 1640 1463 1681 ad
1508 1640 1714 1694 iurgium,

34 1776 39 1780 ⁶
112 1729 222 1758 mox
252 1717 311 1759 ad
345 1730 505 1759 manus
536 1723 583 1758 et
615 1717 782 1759 ferrum
815 1718 1104 1759 transirent.”
1313 1714 1321 1720 “

112 1808 118 1809 ’
172 1796 278 1839 Non
325 1798 444 1839 duae
486 1811 556 1839 res
600 1797 674 1839 hic
717 1798 835 1839 inter
876 1811 924 1839 se
966 1806 1267 1853 opponuntur:
1311 1799 1454 1840 altera
1496 1801 1617 1841 enim
1657 1814 1715 1841 ex

13 1898 25 1923 ες
109 1875 253 1919 altera
278 1878 533 1919 necessario
561 1878 777 1932 sequitur.
807 1877 922 1919 Cum
951 1877 1131 1919 barbari
1161 1878 1342 1920 turbam
1370 1879 1527 1934 populi
1555 1894 1714 1934 parum

110 1957 322 2008 vitarent,
365 1957 461 2000 fieri
498 1972 590 2000 non
624 1963 807 2013 poterat
839 1959 948 2012 quin
981 1959 1235 2001 identidem
1268 1959 1399 2000 alicui
1432 1960 1519 2001 civi
1552 1961 1715 2015 impin-

110 2044 338 2093 gerentur.
381 2039 653 2081 Accedebat
696 2039 783 2081 alia
826 2039 1096 2094 procidendi
1140 2053 1297 2081 causa:
1343 2040 1443 2082 viae
1475 2040 1711 2083 lubricum.

27 2144 38 2147 ’ν
67 2160 70 2163 ,
110 2118 198 2160 Pro
229 2127 311 2162 aut
340 2132 449 2174 ergo
480 2127 523 2162 et
552 2119 799 2174 legendum
833 2133 1011 2161 censeo.

173 2279 230 2321 H.
265 2280 323 2329 II,
355 2291 427 2334 99.
462 2279 647 2322 Nefaria
680 2280 939 2335 proditione
971 2293 998 2321 a
1031 2279 1219 2322 Vitellio
1246 2281 1304 2322 ad
1333 2280 1577 2322 Flavianos
1605 2281 1713 2323 defi-

110 2360 174 2402 cit
205 2359 421 2402 Caecina:
645 2411 647 2413 ι

176 2440 447 2494 „Credidere
481 2440 686 2494 plerique
720 2439 867 2481 Flavii
901 2439 1057 2482 Sabini
1085 2440 1281 2482 consiliis
1309 2454 1575 2482 concussam
1605 2441 1714 2483 Cae·

111 2521 240 2562 cinae
283 2526 499 2570 mentem,
533 2519 740 2561 ministro
771 2533 1033 2561 sermonum
1067 2520 1240 2562 Rubrio
1274 2520 1427 2562 Gallo:
1462 2527 1560 2563 rata
1591 2522 1713 2575 apud

112 2600 446 2656 Vespasianum
464 2600 560 2642 fore
578 2605 713 2655 pacta
730 2600 1029 2650 transitionis;
1049 2600 1179 2642 simul
1197 2602 1406 2642 odiorum
1424 2602 1713 2656 invidiaeque

113 2695 221 2736 erga
263 2681 458 2723 Fabium
492 2681 738 2723 Valentem
771 2680 1119 2730 admonebatur,
1153 2686 1203 2721 ut
1235 2681 1382 2735 impar
1413 2682 1535 2735 apud
1569 2681 1714 2724 Vitel-

109 2760 219 2803 lium
251 2761 443 2816 gratiam
477 2761 684 2815 viresque
718 2761 839 2815 apud
874 2774 1043 2801 novum
1076 2760 1328 2814 principem
1362 2760 1586 2815 pararet.”

173 2842 288 2883 Mire
317 2841 602 2883 conformata
630 2846 699 2882 est
725 2841 837 2881 haec
865 2841 1114 2881 sententia!
1148 2840 1344 2881 Primum
1374 2841 1460 2881 ista
1487 2841 1637 2883 subita
1655 2843 1712 2883 ad

112 2921 341 2976 passivum
368 2921 558 2963 verbum
586 2921 851 2962 transitione
869 2921 1216 2975 (admonebatur)
1237 2935 1384 2975 neque
1403 2922 1714 2977 perspicuitati

111 3015 260 3057 neque
303 3001 556 3058 elegantiae
598 3001 858 3042 consulitur.
894 2999 1158 3074 Quis-enim
1192 3001 1434 3044 Caecinam
1467 3001 1711 3045 admonet?
