2040 3412
1093 308 1178 350 206

1961 370 1995 384 :⁵⁸

1925 385 1956 395 e·-
1983 388 1986 390 -
2008 393 2011 394 γ

397 427 666 468 Tacitumne
693 429 929 469 credamus
956 427 1126 468 nomini
1159 427 1364 469 Corinthi
1389 427 1677 481 adscripsisse
1704 425 1933 479 „Achaiae
1947 413 2008 489 J.

337 505 492 556 urbe,”
525 520 581 547 an
615 520 718 548 cum
751 507 920 548 Iacobo
952 507 1038 548 ista
1070 507 1313 548 reddamus
1343 505 1512 548 sciolo?
1546 506 1616 547 Ne
1644 505 1839 556 dubites,
1864 505 1932 549 in,

338 586 460 640 spice
504 600 620 640 quae
653 587 710 627 ad
744 586 802 627 A.
839 587 896 637 V,
936 598 987 629 10
1018 587 1348 628 annotavimus.
1398 587 1502 628 Non
1537 586 1684 627 minus
1715 584 1932 628 insulsum

337 666 500 720 (neque
530 667 671 721 magis
701 666 824 721 utile)
852 667 1306 721 interpretamentum
1336 667 1381 707 in
1407 666 1530 707 hisce
1549 665 1933 721 deprehendimus
1988 670 2020 719 “lj-

338 746 413 799 (H.
460 745 517 794 ΙΙ,
563 756 640 787 20:
681 746 738 787 de
771 746 966 788 Caecina
997 747 1146 801 agitur
1177 760 1279 787 cum
1313 746 1514 787 exercitu
1547 759 1627 800 per
1661 744 1838 787 Italiam
1870 745 1936 787 in·

338 825 569 880 cedente):
604 831 836 878 „ornatum
865 826 1003 880 ipsius
1030 826 1275 881 municipia
1301 831 1348 867 et
1374 825 1579 867 coloniae
1607 825 1651 866 in
1677 823 1936 880 superbiam

336 906 593 956 trahebant,
622 907 745 960 quod
774 907 1032 949 versicolori
1060 906 1230 961 sagulo,
1259 906 1418 948 bracas
1440 904 1700 963 [barbarum
1717 900 1935 963 tegimen]

337 986 521 1028 indutus
553 991 734 1040 togatos
765 986 1116 1041 alloqueretur.”
1888 1045 1891 1052 .

399 1066 673 1120 Unquamne
691 1067 931 1121 quisquam
949 1067 1129 1108 inclusis
1147 1068 1297 1109 verbis
1315 1067 1702 1122 patrocinabitur?
1729 1064 1936 1118 βροτοῖσιν
1980 1110 1982 1114 ,

331 1145 446 1189 οὐδέν
478 1146 565 1187 ἐστ’
598 1146 834 1197 ἀπώμοτον.
1955 1201 1999 1206 .,

399 1227 456 1267 H.
492 1227 549 1276 II,
580 1238 647 1281 23.
679 1227 874 1268 Marcius
903 1227 1070 1276 Macer,
1100 1228 1194 1269 dux
1221 1227 1521 1279 Othonianus,
1551 1243 1645 1272 rem
1673 1230 1791 1273 bene
1817 1223 1935 1287 gerit
1976 1214 2012 1282 {V

338 1307 417 1347 sed
452 1307 641 1348 victoria
673 1321 753 1348 sua
786 1321 876 1348 non
909 1307 1135 1348 abutitur:

403 1385 700 1440 „Suspectum
744 1387 789 1438 id
829 1385 1101 1428 Othonianis
1135 1386 1230 1437 fuit,
1264 1388 1416 1429 omnia
1448 1389 1614 1430 ducum
1647 1389 1766 1432 facta
1796 1404 1936 1447 prave
1975 1425 2003 1444 ⁷⁹.

339 1466 699 1508 aestimantibus.
725 1466 959 1516 Certatim,
987 1473 1035 1508 ut
1059 1467 1249 1521 quisque
1268 1468 1420 1509 animo
1437 1468 1638 1523 ignavus,
1658 1483 1829 1525 procax
1844 1456 1939 1530 ore,
1979 1489 1990 1518 j

337 1545 542 1587 Annium
587 1545 767 1588 Gallum
802 1552 846 1587 et
880 1545 1146 1588 Suetonium
1183 1547 1416 1590 Paulinum
1449 1554 1496 1590 et
1529 1549 1722 1592 Marium
1754 1529 1936 1595 Celsum

336 1626 470 1667 variis
504 1626 768 1666 criminibus
801 1626 1133 1681 incessebant.”
1914 1678 1921 1682 ἡ

397 1705 473 1747 Ad
508 1706 694 1746 nomina
726 1705 801 1746 illa
833 1707 1072 1761 adscripsit
1105 1706 1289 1761 aliquis:
1330 1722 1460 1760 „nam
1492 1722 1570 1751 eos
1602 1723 1786 1765 quoque
1812 1709 1938 1754 Otho

339 1784 661 1839 praefecerat,’'
694 1766 929 1840 tamquam
962 1786 1235 1840 si-cuiquam
1264 1787 1511 1842 legentium
1539 1790 1681 1844 ignoti
1709 1802 1807 1833 esse
1833 1800 1936 1848 pos·
1973 1764 2005 1820 *ζ

336 1871 438 1906 sent
466 1866 664 1919 primarii
693 1865 756 1906 illi
786 1865 1093 1920 praeclarique
1112 1867 1250 1908 duces
1268 1866 1530 1918 Othoniani,
1549 1870 1606 1911 ad
1625 1883 1738 1924 quos
1755 1876 1934 1922 cuneta,

337 1958 454 1998 quae
483 1945 690 1999 proxime
717 1946 1010 1999 praecedunt,
1038 1951 1143 1987 sunt
1169 1946 1418 1997 referenda,
1447 1949 1504 1990 de
1532 1950 1786 2006 quibusque
1814 1952 1848 2002 1,
1877 1934 2011 2011 87

337 2025 515 2066 disertis
533 2025 681 2067 verbis
699 2032 928 2067 narratum
947 2032 1035 2067 est:
1060 2028 1290 2082 „peditum
1308 2029 1602 2083 equitumque
1620 2010 1763 2085 co'piis
1774 2030 1935 2075 Sueto·
1966 2015 2002 2081 „f

336 2105 435 2145 nius
464 2105 686 2155 Paulinus,
718 2105 886 2147 Marius
904 2105 1073 2156 Celsus,
1092 2105 1270 2148 Annius
1289 2107 1443 2149 Gallus
1461 2115 1658 2151 rectores
1676 2110 1936 2155 destinati.”.

335 2185 431 2226 Iam
478 2186 614 2235 satis,
663 2191 712 2226 ut
760 2186 945 2240 opinor,
990 2199 1108 2227 nunc
1152 2192 1342 2240 apparet
1385 2201 1520 2241 quam
1564 2189 1769 2245 ineptum
1812 2188 1937 2235 istud(
1971 2211 2002 2247 ς

335 2277 498 2317 quoque
524 2264 593 2305 sit.
624 2264 685 2304 Et
712 2270 866 2305 tamen
894 2265 1112 2319 puerilem
1140 2265 1272 2307 istam
1300 2268 1658 2319 annotationem,
1682 2270 1727 2312 in
1754 2253 1999 2315 textum&

336 2334 582 2398 receptam,
609 2357 689 2398 per
713 2343 895 2398 longam
922 2344 1203 2386 saeculorum
1221 2347 1383 2387 seriem
1401 2361 1548 2402 aequo
1565 2350 1718 2391 animo
1735 2331 1939 2395 tulerunt*

338 2424 419 2464 viri
454 2424 591 2474 docti,
626 2425 773 2465 donec
805 2425 992 2466 tandem
1027 2425 1272 2479 aliquando
1307 2428 1499 2479 Rittero,
1533 2430 1631 2472 viro
1657 2431 1933 2483 acutissimo,
1959 2406 1993 2485 2³55.

338 2503 456 2544 fraus
487 2503 700 2553 soboluit,

401 2583 458 2623 H.
494 2583 551 2633 II,
587 2583 655 2624 28.
691 2583 932 2624 Praetextu
966 2584 1104 2625 utitur
1136 2585 1306 2626 Valens
1337 2588 1394 2628 ad
1423 2588 1696 2632 Batavorum
1722 2575 1991 2643 cohortes&

339 2661 543 2702 turbidas
568 2663 860 2703 amovendas.
897 2661 1031 2716 Quod
1060 2663 1135 2703 ubi
1160 2665 1321 2706 ceteris
1345 2667 1562 2709 militibus
1586 2670 1818 2724 cognitum
1842 2672 1961 2724 estjf

338 2739 527 2781 fremere
557 2754 715 2782 omnes
744 2742 893 2782 orbari
922 2755 969 2782 se
997 2742 1273 2785 validissimo
1291 2746 1473 2788 auxilio.
1509 2748 1631 2803 Ergo
1649 2763 1751 2792 cum
1768 2753 1983 2798 acerba.
1958 2732 1978 2742 v

1937 2803 1986 2839 ,353

339 2820 621 2872 querimonia
653 2826 698 2861 et
731 2821 817 2862 alia
850 2822 1084 2875 disputant
1117 2828 1162 2863 et
1195 2823 1329 2865 haec:

404 2898 475 2950 „Si
520 2900 782 2953 provincia”
827 2901 946 2954 (nam
989 2902 1048 2942 ad
1093 2915 1192 2942 eam
1231 2902 1564 2948 desenden'dam
1598 2908 1793 2952 Batavos
1824 2882 1983 2957 istos*

341 2977 512 3019 Valens
554 2980 800 3034 dimiserat)
846 2981 955 3021 urbe
998 2986 1044 3021 et
1088 2981 1231 3022 salute
1273 2983 1448 3038 imperii
1491 2988 1652 3041 potior
1671 2989 1742 3040 sit,
1776 3002 1956 3039 omnes

1912 3373 1952 3412 (ἐκ
1918 3237 1947 3363 '2‘
1931 3207 1939 3221 ¹
1918 3161 1953 3187 ,ἐξ
1926 3134 1954 3148 ζ

1953 3375 1964 3379 ς
1952 3326 1959 3354 ·ῐ’
1955 3221 1968 3309 ιι-ςημηι,
1951 3149 1968 3197 '1¹1⁸
1953 3079 1966 3126 Ἴης..
