2040 3412
1058 313 1140 355 104

357 420 468 475 Quis
500 436 591 463 non
624 422 709 463 ista
741 422 896 476 legens
929 422 1076 476 primo
1109 429 1293 478 aspectu
1327 425 1595 479 pronomine
1626 425 1731 467 llaec
1756 406 1891 480 signi*
1929 422 1965 481 352}

296 501 418 542 ficari
477 507 608 556 putet
666 502 988 556 praecedentia
1039 503 1336 558 triumphalia
1382 510 1429 545 et
1474 505 1688 547 victoriae
1731 505 1893 548 decus?
1921 525 1957 552 r

296 581 470 622 Tamen
515 594 604 622 non
647 581 757 622 illud
799 581 994 623 voluisse
1037 582 1246 624 Tacitum
1290 596 1398 624 mox
1440 589 1644 638 apparet,
1679 597 1784 627 narn
1817 563 1970 627 iua‘ii

297 673 399 701 eum
441 661 660 714 adeptum
703 674 799 702 esse
842 661 931 702 iam
970 661 1099 703 dixit.
1134 661 1348 716 Cogimur
1381 676 1488 717 ergo
1521 663 1752 718 (cogimur,
1785 647 1969 727 namsi¹va

295 740 403 781 satis
435 740 547 781 mira
579 754 648 781 res
679 740 762 795 est)
795 740 904 781 illud
938 741 1043 782 liaeo
1075 755 1165 782 non
1200 742 1257 782 de
1290 743 1342 783 iis
1369 742 1504 783 rebus
1529 743 1749 797 accipere,
1778 744 1891 798 quas

296 820 393 874 ipsa
419 821 715 873 grammatica
741 821 955 875 suggerit,
981 821 1062 862 sed
1090 821 1153 862 sic
1181 821 1272 862 fere
1301 822 1586 876 interpretari
1611 822 1783 864 locum:
1814 827 1891 877 „ut

287 906 565 953 praesentem
598 900 860 940 occasionem
893 905 1052 941 nactus
1084 899 1196 941 est’'.
1943 886 1969 954 ’

356 978 414 1018 H.
460 978 516 1027 ΙΙ,
557 978 626 1020 80.
670 977 783 1020 Cum
828 974 1182 1034 Vespasianum*
1204 979 1413 1021 cubiculo
1455 993 1684 1034 egressum
1725 979 1893 1023 milites

295 1059 618 1112 imperatorem
651 1058 922 1100 salutarent:
1940 1047 1983 1059 .-

360 1138 429 1190 „in
458 1139 557 1192 ipso
584 1137 694 1179 nihil
721 1139 960 1188 tumidum,
989 1152 1203 1192 arrogans
1230 1144 1308 1180 aut
1334 1139 1380 1180 in
1407 1139 1540 1180 rebus
1567 1139 1699 1181 novis
1722 1152 1892 1183 novum

295 1216 401 1258 fuit:
435 1223 484 1258 ut
517 1218 713 1271 primum
745 1223 901 1259 tantae
934 1217 1185 1259 altitudinis
1207 1217 1235 1272 ¹)
1269 1218 1457 1260 offusam
1485 1218 1625 1260 oculis
1652 1218 1893 1274 caliginem
1955 1205 1974 1258 Ξ

296 1297 486 1344 disiecit,
526 1297 777 1338 militariter
812 1297 989 1339 locutus
1020 1297 1140 1339 laeta
1172 1298 1324 1340 omnia
1356 1304 1402 1340 et
1434 1299 1664 1340 affluentia
1695 1299 1892 1354 excepit,

298 1377 507 1431 Namque
550 1378 594 1419 id
637 1378 786 1431 ipsum
830 1378 1072 1432 opperiens
1115 1378 1351 1420 Mucianus
1392 1378 1587 1420 alacrem
1625 1377 1815 1420 militem
1843 1378 1893 1421 in

297 1456 436 1497 verba
469 1456 738 1510 Vespasiani
771 1457 926 1510 adegit
958 1471 996 1498 e.
1015 1471 1060 1511 q.
1077 1456 1156 1498 s.''.

357 1537 483 1577 Haec
511 1537 663 1578 omnia
690 1542 739 1577 ut
766 1537 884 1578 bene
911 1536 1219 1590 intelligantur
1247 1550 1354 1591 prae
1381 1537 1542 1578 ceteris
1569 1542 1780 1580 accurate
1801 1550 1895 1580 vox

295 1630 481 1670 namque
522 1621 589 1657 est
633 1616 975 1658 consideranda.
1020 1617 1203 1658 Etenim
1244 1630 1360 1671 quae
1393 1622 1497 1671 post
1529 1616 1651 1658 illam
1683 1617 1895 1672 leguntur

294 1696 643 1751 explanationem
687 1697 923 1738 continent
965 1697 1206 1751 verborum
1250 1697 1367 1739 laeta
1409 1697 1556 1739 omnia
1594 1705 1638 1740 et
1665 1697 1892 1751 affluentia

293 1776 478 1830 excepit:
524 1789 614 1816 non
658 1789 789 1830 ergo:
822 1776 975 1818 statim
999 1783 1234 1830 postquam
1272 1775 1550 1829 „militariter
1581 1775 1790 1819 locutus”
1822 1781 1892 1819 est
1967 1757 1987 1833 Ι,

295 1855 602 1909 Vespasianus
650 1855 793 1908 „laeta
836 1856 988 1896 omnia
1030 1861 1076 1896 et
1118 1856 1349 1898 affluentia
1391 1855 1618 1911 excepit”.
1659 1855 1750 1899 Sed
1782 1855 1893 1901 illud
1958 1863 1983 1901 25⁵

294 1949 480 1989 namque
522 1941 566 1976 et
606 1949 722 1989 quae
755 1941 860 1977 sunt
891 1949 1070 1976 annexa
1103 1936 1165 1976 sic
1197 1941 1302 1976 sunt
1336 1935 1623 1990 accipienda:
1657 1935 1828 1978 etenim
1845 1933 1893 1991 ²),
1941 1924 2006 1972 '⁵3

294 2015 416 2068 quod
459 2015 622 2056 attinet
664 2015 722 2056 ad
761 2029 908 2056 rerum
941 2020 1278 2068 eventuumque
1311 2016 1487 2065 seriem,
1521 2015 1685 2069 quibus
1717 2015 1894 2071 Vespa-

293 2095 443 2135 sianus
486 2094 733 2148 imperator
766 2094 909 2136 factus
941 2100 1023 2144 est,
1058 2095 1369 2136 huiuscemodi
1404 2094 1510 2136 fuit:
1545 2095 1782 2137 Mucianus
1813 2097 1890 2154 οκὲ
1986 2154 1991 2156 ⁷

293 2174 531 2228 spectabat
573 2175 625 2216 id
661 2175 804 2229 ipsum
838 2175 865 2215 i.
889 2188 927 2215 e.
960 2185 1138 2216 cursum
1172 2188 1320 2216 rerum
1353 2175 1398 2215 in
1430 2175 1587 2216 castris
1619 2175 1888 2230 Vespasiani

294 2253 554 2303 Caesareae,
588 2267 723 2307 quem
757 2254 833 2294 ubi
861 2253 1038 2295 felicem
1065 2253 1199 2295 fuisse
1227 2254 1456 2308 cognovit,
1485 2254 1650 2296 milites
1676 2254 1723 2296 in
1748 2254 1890 2297 verba
1947 2247 1997 2289 ’ῗ

294 2333 561 2387 Vespasiani
607 2333 783 2387 adegit;
827 2339 932 2375 ante
974 2334 1082 2375 Idus
1124 2333 1258 2375 Iulias
1300 2333 1432 2388 Syria
1468 2335 1614 2376 omnis
1645 2335 1689 2376 in
1723 2335 1887 2377 eodem

292 2418 575 2454 sacramento
609 2412 705 2462 fuit,
734 2427 842 2454 mox
866 2412 1116 2455 Sohaemus
1143 2414 1332 2455 accessit
1358 2407 1706 2469 Antiochusque
1733 2428 1772 2456 e.
1789 2427 1835 2469 q.
1852 2427 1888 2456 s.
1976 2465 1995 2476 .,‚

353 2492 410 2532 H.
446 2492 526 2541 ΙΙΙ,
567 2504 630 2534 10.
677 2492 728 2533 In
771 2493 928 2533 castris
967 2492 1159 2533 Antonii
1192 2493 1509 2534 seditiosorum
1543 2493 1737 2535 militum
1767 2487 1890 2536 ffiror

291 2585 338 2612 se
379 2571 526 2612 omnis
568 2571 613 2612 in
657 2571 900 2625 Tampium
942 2571 1211 2613 Flavianum
1253 2572 1490 2622 convertit,
1518 2585 1670 2626 ‘quern
1706 2583 1888 2614 causam
1956 2553 1968 2561 Ν

343 2746 377 2787 1)
402 2747 499 2778 Haec
529 2747 670 2778 Trilleri
701 2747 900 2780 coniectura
924 2748 1079 2780 omnium
1104 2748 1251 2780 maxime
1275 2748 1361 2780 mihi
1386 2749 1530 2788 arridet3
1558 2749 1596 2781 in
1621 2748 1741 2782 codice
1766 2747 1888 2781 multi-

291 2804 428 2835 tudinis
463 2804 600 2845 legitur.
641 2805 729 2836 Cum
764 2805 972 2837 altitudinis
1004 2810 1118 2837 autem
1152 2806 1289 2848 egregie
1323 2806 1431 2848 caligo
1464 2806 1636 2849 iungitur:
1669 2809 1887 2849 eomparatur

290 2861 526 2902 Vespasianus
559 2872 637 2893 cum
669 2862 789 2904 aliquo
824 2863 897 2906 qui,
929 2863 1044 2895 subito
1076 2863 1113 2894 in
1145 2863 1224 2895 loco
1260 2863 1354 2895 edito
1390 2864 1537 2907 positus,
1570 2863 1652 2896 inde
1685 2863 1884 2907 despiciens

289 2918 495 2960 vertiginem
522 2919 638 2950 sentit.

338 2975 375 3021 2)
401 2975 506 3007 Verte
532 2986 614 3019 ergo
640 2987 789 3020 namque
814 2977 955 3020 Belgice
981 2988 1052 3010 non
1082 2976 1219 3020 „want”
1246 2978 1307 3010 sed
1334 2977 1555 3020 „namelijk''.
