2040 3412
1077 319 1162 360 286

384 437 441 477 H.
477 436 557 486 IV,
591 449 663 491 49.
706 437 952 491 Postquam
995 437 1207 491 exposuit
1249 438 1325 491 qui
1368 438 1537 479 factum
1569 439 1628 480 sit
1655 443 1705 480 ut
1737 439 1782 481 in
1814 445 1916 495 pro-

323 516 470 557 vincia
497 516 654 557 Africa
683 522 861 570 praeter
879 516 1196 571 proconsulem
1214 517 1394 558 adesset
1410 517 1585 571 legatus
1603 531 1705 560 cum
1722 517 1916 573 legione,
1982 546 1984 551 ·

321 610 460 650 seque
511 596 718 650 ignorare
773 595 1020 637 declaravit
1067 597 1299 650 quomodo
1342 611 1412 638 res
1454 611 1614 649 novae,
1658 598 1714 640 de
1754 598 1918 653 quibus
1976 627 1982 662 »v

323 690 426 718 cum
455 676 652 717 maxime
680 681 843 726 narrat,
874 676 918 717 in
946 690 999 717 ea
1017 677 1250 731 provincia
1268 682 1393 719 ortae
1411 677 1524 719 sint:
1549 677 1917 721 sollicitaveritne

323 757 534 798 Pisonem
578 756 894 811 proconsulem
939 756 1102 798 Festus
1134 756 1308 811 legatus
1339 771 1396 799 an
1428 757 1628 812 legatum
1661 757 1918 813 proconsul,

322 838 385 878 sic
419 838 567 892 pergit
599 837 807 878 Tacitus:

389 917 511 970 „Nec
544 917 788 971 ambigitur
821 916 1102 970 provinciam
1135 922 1180 962 et
1213 916 1403 959 militem
1436 916 1634 960 alienato
1665 931 1772 974 erga
1803 917 1918 961 Ves-

325 997 561 1052 pasianum
593 997 747 1038 animo
780 996 937 1047 fuisse3
972 1002 1018 1038 et
1050 996 1235 1050 quidam
1267 1010 1291 1038 e
1319 996 1578 1039 Vitellianis
1604 997 1717 1040 urbe
1740 997 1930 1054 profugi
1991 982 1995 988 Γ

325 1077 620 1118 ostentabant
666 1077 817 1118 Pisoni
866 1082 1080 1118 nutantes
1127 1076 1318 1127 Gallias,
1366 1082 1572 1131 paratam
1615 1077 1918 1129 Germaniam,
1973 1070 1998 1121 ,Ῐ

325 1157 525 1212 pericula
557 1157 696 1212 ipsius
729 1162 776 1198 et
807 1157 853 1198 in
886 1170 1000 1210 pace
1031 1162 1243 1211 suscepto
1276 1157 1416 1198 tutius
1449 1156 1662 1200 bellum.'’
1985 1210 1991 1218 (

385 1238 523 1280 Haud
549 1238 686 1279 dubie
714 1243 977 1292 corruptum
1002 1245 1209 1292 suscepto,
1237 1237 1317 1279 sed
1335 1238 1458 1292 quod
1477 1238 1672 1280 coniecit
1690 1238 1922 1282 Victorius

324 1319 634 1373 probantque-
657 1317 861 1372 plerique
899 1317 1097 1359 editores
1127 1324 1334 1372 suspecto,
1367 1331 1422 1359 eo
1455 1318 1617 1360 vitium
1647 1331 1739 1360 non
1771 1331 1921 1374 persa-
1986 1306 1997 1366 „⁴

324 1399 485 1440 natur.'
520 1397 644 1439 Nihil
692 1397 812 1439 enim
856 1411 975 1439 nunc
1016 1397 1352 1451 comparativus
1393 1397 1532 1440 tutius
1572 1411 1664 1452 quo
1704 1396 1922 1441 referatur

325 1479 478 1520 habet.
514 1478 783 1532 Legendum
811 1490 998 1518 censeo:
1032 1490 1169 1531 „pace
1195 1483 1407 1532 suspecta
1433 1478 1573 1519 tutius
1599 1477 1798 1520 bellum”
1824 1477 1852 1520 i.
1879 1491 1920 1520 e.
1976 1490 1999 1515 s.

325 1564 533 1613 apertum
565 1557 735 1599 bellum
769 1562 969 1611 praestat
1002 1557 1116 1611 paci,
1150 1556 1195 1598 in
1228 1570 1318 1611 qua
1348 1570 1529 1612 semper
1559 1557 1709 1599 tacitis
1738 1557 1798 1600 sis
1827 1555 1922 1600 sus·

326 1639 580 1694 picionibus
623 1638 862 1679 obnoxius.
905 1636 1005 1678 Tali
1047 1650 1204 1678 revera
1246 1650 1359 1691 pace
1400 1636 1605 1678 Africam
1639 1637 1920 1692 provinciam
1982 1648 2002 1688 χ’

324 1733 450 1761 usam
496 1732 594 1760 esse
636 1732 695 1760 ex
726 1718 790 1767 iis,
826 1730 942 1771 quae
975 1716 1227 1767 citavimus,
1255 1722 1460 1771 apparet,
1493 1717 1815 1773 eleganterque
1846 1716 1923 1760 illa

321 1807 519 1854 suspecta
544 1807 645 1854 pax
678 1798 947 1853 appellatur.

383 1959 442 2000 H.
486 1959 566 2009 IV,
613 1960 681 2000 80.
726 1957 840 2000 Orta
882 1957 1000 1998 inter
1042 1956 1305 1998 Mucianum
1340 1957 1630 2011 Primumque
1662 1948 1919 1999 An'tonium
1995 2011 1998 2014 Δ

324 2039 564 2089 discordia,
611 2039 668 2080 ad
716 2038 1051 2092 Vespasianum
1100 2036 1172 2077 hic
1221 2036 1532 2091 proficiscitur.
1581 2036 1757 2079 Dubius
1803 2036 1924 2079 inter
1992 2028 2014 2094 4-

325 2126 566 2174 utrumque
608 2119 765 2160 haeret
808 2118 1041 2172 princeps:
1086 2130 1202 2170 quae
1239 2116 1330 2158 sint
1361 2116 1555 2158 Antonii
1588 2117 1645 2158 de
1675 2130 1757 2159 sua
1788 2129 1924 2159 causa
1983 2109 2007 2144 '¹

326 2200 486 2241 merita
514 2199 656 2254 probe
685 2198 825 2247 novit,
854 2197 935 2238 sed
964 2196 1160 2237 eundem
1188 2201 1237 2237 ut
1263 2196 1490 2238 tumidum
1515 2202 1562 2238 et
1586 2197 1663 2238 vix
1685 2197 1923 2239 ferendum
2008 2190 2011 2199 '

325 2285 486 2322 notant
519 2279 565 2320 et
599 2278 797 2319 Muciani
831 2276 1050 2331 epistolae
1085 2275 1131 2317 et
1163 2281 1417 2318 ceterorum
1449 2291 1704 2320 sermones:

389 2360 576 2414 „Neque
605 2359 701 2413 ipse
736 2356 996 2412 (Antonius)
1031 2356 1188 2397 deerat
1218 2356 1486 2410 adrogantia
1518 2370 1682 2399 vocare
1713 2356 1923 2408 offensas,

324 2440 486 2480 nimius
519 2436 930 2479 commemorandis
962 2449 1078 2489 quae
1111 2435 1392 2477 meruisset.”

385 2519 520 2560 Haud
565 2518 701 2560 dubie
744 2522 850 2558 ante
881 2529 1040 2557 vocare
1071 2515 1241 2556 excidit
1272 2528 1303 2570 p
1337 2516 1465 2571 (pro).
1500 2517 1618 2558 Nam
1651 2530 1765 2572 quos
1795 2515 1920 2558 locos

326 2600 530 2640 Heraeus
570 2599 627 2639 ad
661 2596 855 2651 simplex
888 2595 1075 2637 vocandi
1103 2595 1292 2636 verbum
1327 2596 1664 2639 defendendum
1696 2596 1840 2647 affert,
1873 2595 1921 2637 in

325 2679 377 2720 iis
411 2678 622 2733 praesidii
655 2676 765 2718 nihil
799 2682 892 2717 est:
927 2675 989 2716 ibi
1023 2675 1144 2715 enim
1175 2689 1267 2716 non
1300 2690 1373 2717 res
1404 2676 1555 2731 aliqua
1580 2677 1660 2718 sed
1686 2676 1814 2718 homo
1840 2674 1925 2717 ob÷

325 2759 492 2799 iectum
521 2764 610 2799 est:
647 2757 705 2798 H.
725 2756 783 2806 V,
814 2754 982 2809 25:*„si
1011 2753 1230 2808 populum
1259 2756 1518 2797 Romanum
1545 2755 1680 2797 armis
1707 2753 1920 2804 vocent”‚
1996 2737 2002 2744 ’

327 2838 384 2878 Η.
420 2838 476 2887 ΙΙ,
511 2839 560 2878 8'1
614 2835 838 2891 „singulos
880 2834 1065 2875 nomine
1107 2834 1229 2875 ciens
1271 2836 1483 2889 praemiis
1526 2835 1724 2877 vocans”
1766 2835 1922 2890 (atque

326 2916 398 2956 hic
431 2922 577 2956 toturn
611 2915 718 2956 illud
739 2913 961 2969 praemiis
989 2926 1148 2954 vocans
1176 2913 1420 2956 delendum
1449 2929 1545 2956 esse
1572 2928 1707 2969 supra
1733 2914 1924 2955 demon·

325 2996 502 3049 stravi);
537 2995 687 3036 Germ.
724 3007 797 3046 14:
837 3006 1025 3046 „vocare
1053 2992 1232 3033 hostem
1260 2999 1306 3034 et
1333 2994 1518 3035 vulnera
1544 2993 1749 3049 mereri”.
1781 2991 1922 3046 Quod

1891 3131 2018 3173 ι’Ἰ
