2040 3412
1066 258 1151 291 202

311 368 553 409 verborum
579 367 697 409 nzlzil
718 381 763 409 se
788 368 841 409 de
858 367 958 423 filzo
985 369 1172 418 credere,
1202 368 1366 423 quibus
1383 369 1612 419 adhaeret,
1631 359 1934 424 pessumd'iff

308 448 481 490 auctori
514 461 596 488 suo
628 447 1942 495 reddimus.

370 528 429 569 A.
464 527 591 577 XIV,
628 538 696 582 27.
730 527 974 580 „Veterani
1002 527 1250 570 Tarentum
1279 534 1325 570 et
1352 528 1544 570 Antium
1574 510 1791 584 adscripti
1818 506 1961 591 noi}

306 614 466 650 tamen
500 607 829 662 infrequentiae
861 607 1063 650 locorum
1096 609 1371 658 subvenere,
1406 608 1592 664 dilapsis
1625 609 1830 664 pluribus
1861 594 1966 671 ίιιζ

313 688 583 744 provincias,
617 689 662 729 in
696 687 859 742 quibus
890 689 1118 742 stipendia
1150 688 1471 742 expleverant;
1498 702 1655 744 neque
1689 675 1967 753 conipgmss

311 769 609 823 suscipiendis
651 782 800 823 neque
842 767 1015 810 alendis
1057 768 1208 810 liberis
1249 770 1363 811 sueti
1407 769 1541 811 orbas
1584 770 1747 813 domos
1777 769 1970 826 telin-³„

309 848 557 904 quebant.”
1910 896 1918 906 ,-

369 929 528 971 Risum
556 934 711 970 movet
737 929 861 982 quod
889 929 934 970 in
951 929 1110 971 codice
1128 934 1231 983 post
1248 929 1380 971 orbas
1396 929 1582 984 legitur:
1598 915 1979 986 sineposterisjf

306 1015 542 1063 tamquam
569 1009 604 1050 si
635 1021 833 1062 unquam
852 1008 1091 1062 quisquam
1108 1015 1315 1063 posteros
1333 1023 1438 1051 suos
1455 1009 1706 1064 conspiciat
1722 991 1983 1058 domive

307 1088 532 1142 relinquat
546 1091 555 1129 !
1916 1119 1931 1148 7.
1940 1074 1985 1152 ΞῘ

371 1169 430 1210 Α.
475 1168 607 1218 XIV,
660 1177 727 1221 35.
777 1168 1018 1218 Boudicca,
1067 1169 1304 1210 Icenorum
1353 1169 1523 1224 regina,
1570 1173 1616 1210 et
1657 1167 1746 1211 alia
1785 1153 1982 1226 apuflsf'j'-

311 1249 570 1291 Britanniae
612 1248 820 1290 civitates
862 1248 919 1289 de
963 1248 1274 1290 Romanorum
1319 1247 1586 1290 crudelitate
1618 1247 1961 1303 conqueritur

308 1335 354 1370 et
387 1329 522 1370 haec:

378 1409 473 1462 „Eo
516 1413 758 1463 provectas
802 1407 1113 1449 Romanorum
1159 1408 1447 1462 cupiditates,
1490 1413 1540 1449 ut
1581 1421 1672 1450 non
1704 1400 1977 1469 corporayjj

311 1502 367 1530 ne
395 1493 628 1530 senectam
657 1488 841 1542 quidem
870 1493 948 1529 aut
976 1487 1283 1542 virginitatem
1307 1487 1591 1542 impollutam
1609 1475 1958 1548 relinquann’ffi

366 1568 582 1610 Facessat
626 1567 731 1609 hinc
774 1569 1084 1622 importunum
1127 1568 1247 1610 istud
1280 1582 1363 1610 non
1395 1575 1595 1623 corpora,
1628 1569 1753 1624 quod
1785 1562 1970 1614 nulla

307 1649 483 1689 ratione
516 1647 714 1698 defendi,
749 1647 880 1689 nullis
912 1647 1099 1702 argutiis
1132 1648 1335 1691 excusari
1370 1653 1537 1703 potest.

367 1728 425 1770 A.
461 1728 565 1778 XV,
599 1738 638 1783 7.
672 1727 827 1777 Paeto,
862 1727 1043 1769 iamiam
1078 1727 1246 1769 bellum
1279 1741 1382 1769 cum
1415 1728 1592 1770 Parthis
1621 1711 1975 1786 inchoaturos&

307 1809 453 1850 tristia
486 1814 532 1850 et
564 1808 651 1849 alia
684 1808 798 1849 fiunt
830 1808 984 1850 omina
1016 1813 1062 1849 et
1094 1807 1204 1849 hoc:

371 1887 491 1941 „Pila
535 1888 727 1929 militum
769 1900 930 1937 arsere,
976 1888 1119 1942 magis
1162 1887 1324 1941 insigni
1367 1888 1591 1942 prodigio,
1625 1887 1731 1942 quia
1763 1870 1978 1933 hostis?

306 1967 548 2009 missilibus
579 1967 681 2009 telis
714 1967 963 2009 decertat.”
1906 1951 1968 2023 Vs,-

365 2047 583 2101 Indignus
611 2047 816 2102 profecto
844 2047 921 2101 qui
948 2046 1158 2088 Tacitum
1185 2046 1314 2100 legat
1334 2047 1371 2088 is
1399 2052 1480 2095 est,
1509 2046 1585 2100 qui
1616 2046 1689 2088 hic
1716 2039 1965 2108 requi1·ii⁵.‘³²j¹

304 2128 442 2169 etiam
475 2127 575 2182 quis
605 2128 663 2169 sit
695 2127 838 2168 hostis
871 2126 966 2177 ille;
1001 2131 1155 2168 tamen
1189 2126 1234 2167 in
1267 2126 1439 2175 codice,
1473 2139 1576 2167 cum
1608 2126 1748 2180 ipsius
1780 2123 1969 2174 Lati-r.

305 2208 460 2250 nitatis
493 2207 769 2249 detrimento
802 2206 988 2261 legitur:
1024 2206 1131 2260 quia
1161 2205 1368 2248 Parthus
1399 2205 1542 2247 hostis
1574 2219 1613 2246 e.
1631 2218 1676 2260 q.
1692 2204 1746 2247 s.’

363 2287 421 2329 A.
457 2287 560 2337 XV,
596 2298 664 2341 23.
699 2285 944 2340 „Memmio
972 2285 1149 2340 Regulo
1177 2291 1223 2327 et
1250 2285 1469 2340 Verginio
1498 2284 1618 2327 Rufo
1645 2283 1958 2334 consulibus?

307 2374 461 2409 natam
498 2368 582 2409 sibi
626 2381 683 2409 ex
727 2368 941 2422 Poppaea
983 2366 1122 2408 filiam
1156 2366 1279 2407 Nero
1313 2365 1430 2407 ultra
1463 2365 1653 2411 mortale
1685 2354 1964 2420 gaudium&

304 2449 540 2502 accepit..
560 2480 569 2488 .
615 2448 764 2489 Locus
806 2447 1047 2502 puerperio
1091 2444 1302 2503 [colonia]
1345 2445 1537 2487 Antium
1569 2445 1666 2495 fuit,
1695 2445 1786 2488 ub's
1801 2444 1958 2503 ipse,

304 2534 546 2583 generatus
577 2527 717 2569 erat.”
1943 2572 1946 2577 ,

366 2607 504 2650 Suam
536 2608 620 2650 sibi
655 2607 822 2649 habeat
854 2606 1108 2648 doctrinam
1136 2605 1424 2660 magistellus,
1455 2600 1560 2646 nam
1588 2617 1724 2647 nemo
1749 2604 1941 2663 legen&
1945 2608 1970 2653 l

304 2690 431 2738 tium,
477 2690 553 2743 qui
597 2689 782 2742 quidem
825 2701 915 2728 non
958 2687 1016 2728 sit
1057 2687 1257 2728 adversis
1302 2686 1443 2727 Musis
1484 2691 1630 2735 natus,
1673 2685 1746 2728 hie
1786 2684 1941 2735 scm
1972 2667 1979 2681 *A*

305 2769 429 2823 cupit
462 2782 553 2822 quo
586 2769 679 2809 iure
712 2768 846 2809 fuerit
879 2767 1114 2823 oppidum,
1148 2767 1192 2807 in
1226 2779 1317 2820 quo
1350 2771 1458 2807 nata
1489 2766 1546 2807 sit
1575 2764 1769 2807 Neronis
1795 2763 1945 2818 filix,

306 2854 495 2902 propter
528 2861 663 2901 quam
698 2847 771 2888 ille
803 2852 1043 2900 tantopere
1077 2845 1383 2887 exsultaverit.

366 2927 423 2967 A.
459 2927 561 2975 XV,
598 2937 665 2980 25.
700 2927 826 2968 Bello
858 2940 960 2967 cum
996 2926 1170 2967 Parthis
1202 2926 1403 2979 gerendo
1435 2925 1622 2966 tandem
1654 2907 1949 2982 aliquando.
