2040 3412
854 271 938 315 227

97 397 202 426 usus
244 389 362 425 esset
406 383 594 432 Seneca,
627 381 906 424 imitaretur?
941 382 991 423 In
1027 395 1193 436 magno
1226 381 1398 423 honore
1431 395 1550 423 nunc
1583 381 1696 422 eius-

99 463 222 506 modi
265 468 369 505 sunt
411 468 694 517 argumenta,
738 475 840 503 cum
884 462 928 503 id
972 462 1120 515 agitur
1153 467 1201 502 ut
1233 461 1453 503 lectiones
1486 463 1695 511 traditae,

97 544 306 599 quamvis
344 543 582 593 absurdae,
616 542 933 583 defendantur.
967 541 1033 583 At
1067 555 1151 596 ego
1186 556 1418 596 nunquam
1451 543 1567 584 adeo
1601 556 1698 584 ver-

98 624 262 668 bosum
304 623 438 666 fuisse
481 622 704 666 Senecam
747 623 884 664 credo
927 627 989 671 ut,
1035 636 1138 663 cum
1180 623 1378 677 aliquam
1423 637 1517 664 rem
1559 629 1696 673 tecte,

98 710 244 755 acute,
289 709 479 746 venuste
522 703 819 758 significasset
852 708 898 744 et
930 702 1187 757 legentibus
1221 703 1565 757 intelligendam
1590 688 1699 744 ‘reli-

99 785 283 840 quisset‚
303 785 457 826 statim
475 784 678 826 eiusdem
697 784 854 824 tritum
873 783 1282 837 quotidianumque
1302 797 1468 824 nomen
1486 784 1697 835 adderet;

98 865 179 908 sed
211 879 314 908 cum
349 870 642 920 personatum
676 863 898 906 Senecam
930 863 994 904 sic
1027 863 1291 917 loquentem
1324 864 1483 905 audio:
1535 878 1701 917 „senex

99 952 146 989 et
193 946 430 988 levissimis
477 959 661 999 quoque
711 945 827 986 curis
878 945 1048 998 impar,
1097 958 1199 985 cum
1249 958 1360 999 opes
1410 959 1533 986 meas
1583 945 1700 986 ultra

98 1027 319 1070 sustinere
353 1040 443 1068 non
473 1026 656 1081 possim,
686 1025 961 1080 praesidium
991 1030 1122 1079 peto:
1150 1024 1256 1065 iube
1286 1039 1365 1079 per
1383 1031 1700 1079 procuratores

0 1089 10 1160 ἶ
67 1113 204 1150 ‘tuos
244 1107 563 1149 administrari.
614 1106 711 1147 Nec
756 1119 827 1146 me
872 1106 915 1146 in
961 1110 1279 1160 paupertatem
1313 1105 1410 1159 ipse
1443 1106 1700 1156 detrudam,

0 1179 2 1188 λ
99 1188 180 1230 sed
228 1186 420 1236 traditis,
469 1199 663 1251 quorum
712 1185 886 1240 fulgore
935 1185 1255 1239 praestringor,
1306 1186 1429 1238 quod
1480 1187 1700 1240 temporis

101 1268 338 1310 hortorum
365 1272 443 1309 aut
470 1266 677 1308 villarum
705 1280 839 1307 curae
866 1265 1114 1320 seponitur,
1144 1266 1190 1306 in
1208 1265 1410 1307 animum
1429 1265 1700 1316 revocabo”,

55 1350 67 1359 “
101 1348 239 1391 laudo
280 1348 570 1401 admirorque
613 1352 847 1387 auctorem
890 1345 1083 1395 fabulae,
1127 1351 1342 1400 certeque
1377 1347 1565 1400 dignum
1599 1361 1703 1388 eum

102 1429 310 1479 arbitror,
354 1429 431 1483 qui
473 1442 500 1469 a
540 1427 784 1468 sciolorum
828 1426 939 1467 nihil
971 1425 1324 1480 intelligentium
1358 1427 1704 1481 importunitate

103 1508 388 1551 defendatur.

163 1589 222 1632 A.
266 1589 396 1639 XIV,
444 1598 510 1643 59.
557 1587 765 1629 Plautum
809 1586 1073 1640 Sullamque
1119 1586 1207 1627 iam
1253 1586 1422 1636 exules,
1466 1587 1545 1627 sed
1591 1600 1704 1640 quos

102 1683 392 1724 summopere
435 1669 573 1710 etiam
611 1668 883 1708 metuendos
916 1658 1014 1707 esse
1047 1667 1087 1707 ei
1121 1666 1371 1720 Tigellinus
1405 1672 1702 1720 persuaserat,

103 1764 184 1807 per
227 1762 514 1805 percussores
545 1762 649 1789 suos
682 1748 738 1788 de
774 1747 926 1788 medio
958 1746 1138 1788 sustulit
1173 1747 1309 1796 Nero,
1343 1747 1614 1801 scripsitque
1646 1747 1704 1788 ad

102 1837 310 1875 senatum
343 1831 509 1880 literas,
543 1829 708 1884 quibus
738 1829 969 1870 securitati
1003 1827 1280 1882 reipublicae
1313 1842 1339 1869 a
1372 1842 1418 1869 se
1447 1828 1703 1870 consultum

105 1912 358 1955 nuntiaret:

169 1993 419 2047 „Decretae
451 2005 506 2032 eo
535 1990 719 2031 nomine
746 1988 1117 2043 supplicationes,
1148 1993 1287 2042 utque
1316 1987 1440 2030 Sulla
1459 1994 1504 2029 et
1523 1988 1706 2029 Plautus

105 2078 265 2114 senatu
299 2076 602 2119 moverentur,
635 2069 919 2124 gravioribus
952 2077 1044 2110 tam
1077 2068 1283 2109 ludibriis
1316 2082 1453 2121 quam
1488 2067 1661 2109 malis.”

166 2152 240 2196 Sic
283 2153 329 2194 in
372 2152 530 2193 codice
575 2156 657 2192 est.
701 2151 798 2191 Iam
843 2163 868 2190 a
902 2149 1058 2203 primis
1091 2149 1197 2189 inde
1231 2149 1515 2203 temporibus
1549 2149 1705 2198 critici,

107 2238 156 2275 ut
181 2247 263 2288 pro
289 2241 381 2275 tam
406 2232 527 2273 aliud
547 2230 821 2272 vocabulum
841 2234 1130 2284 reponerent,
1149 2230 1273 2283 quod
1292 2229 1442 2283 aptius
1462 2230 1705 2279 videretur,

105 2315 406 2357 desudarunt:
441 2314 485 2354 in
515 2312 817 2354 deterioribus
846 2316 914 2352 est
943 2318 1102 2360 tamen,
1134 2309 1351 2364 Agricola
1378 2311 1469 2351 iam
1498 2311 1707 2360 coniecit,

107 2394 314 2436 Halmius
346 2402 453 2436 tum.
488 2393 554 2434 At
587 2392 698 2433 nihil
731 2391 1062 2446 reponendum,
1093 2404 1273 2444 unaque
1301 2390 1434 2431 litura
1462 2390 1708 2431 delendum

106 2475 226 2517 istud
269 2483 361 2517 tam
404 2487 594 2523 censeo,
640 2478 802 2527 utpote
848 2471 1129 2528 adscriptum
1173 2470 1230 2511 ab
1275 2471 1462 2512 indocto
1501 2471 1708 2520 homine,

107 2557 184 2611 qui
228 2555 348 2597 unde
388 2569 521 2610 quam
565 2553 788 2608 penderet
831 2566 921 2593 non
966 2550 1260 2605 intelligeret,
1306 2557 1351 2592 et
1394 2565 1530 2605 quem
1574 2565 1710 2592 omne

107 2634 408 2678 sententiolae
452 2635 628 2689 fugeret
671 2646 878 2675 acumen.
931 2631 1033 2672 Hoc
1078 2630 1171 2672 fere
1217 2631 1326 2672 dicit
1370 2631 1578 2672 Tacitus:
1629 2645 1710 2684 „ne

109 2718 207 2772 ipsa
239 2716 424 2771 quidem
457 2715 579 2757 mala
613 2715 655 2769 (i.
691 2728 729 2755 e.
764 2714 928 2755 caedes
960 2711 1061 2752 illae
1096 2717 1142 2752 et
1175 2711 1466 2753 crudelitates
1501 2711 1711 2766 Neronis)

109 2803 203 2839 tam
243 2796 399 2851 gravia
442 2796 626 2850 cognitu
670 2799 774 2835 sunt
818 2793 1020 2847 (tamque
1067 2791 1205 2844 digna
1239 2792 1345 2832 odio
1379 2797 1535 2833 nostro
1569 2798 1615 2832 et
1647 2792 1712 2832 in-

111 2877 405 2932 dignatione),
441 2890 578 2931 quam
612 2874 807 2916 scurrilis
840 2874 926 2913 ista
958 2877 1004 2912 et
1036 2871 1216 2912 abiecta
1248 2877 1431 2913 senatus
1465 2871 1712 2914 adulatio.”

166 2957 225 2999 A.
239 2957 344 3007 XV,
358 2958 429 3010 65.
454 2956 622 3009 „Fama
640 2955 723 2996 fuit
742 2953 954 2996 Subrium
974 2950 1167 2993 Flavum
1185 2965 1287 2992 cum
1306 2953 1690 2995 centurionibus..
1703 2984 1713 2994 .
