2040 3412
902 305 986 360 267

140 410 318 452 animos
361 413 554 457 militum
597 432 734 472 quam
780 425 977 470 maxime
1012 427 1240 482 incendat,
1273 432 1518 488 legendum
1551 451 1745 482 censeo:

140 502 282 544 ,quae
317 506 507 548 usquam
535 501 786 552 praesidia,
820 517 937 558 quae
970 514 1117 551 castra
1149 517 1253 554 sunt
1286 527 1324 555 e.
1343 528 1387 569 q.
1406 515 1485 557 S.’'.

192 650 252 692 H.
286 652 321 702 I,
357 662 426 706 50.
461 654 625 700 Occiso
660 659 819 715 Galba,
849 678 952 708 cum
981 670 1163 711 nuntius
1192 673 1248 714 de
1277 673 1451 717 Vitellii
1481 677 1737 722 defectione

131 743 214 786 per
244 732 405 785 urbem
439 739 807 793 percrebruisset,
837 745 1133 791 vehementer
1159 752 1352 802 afflictae
1381 763 1509 798 erant
1534 761 1735 802 omnium

131 816 331 866 mentes:

194 891 348 944 „Duos
386 896 591 939 omnium
626 903 884 946 mortalium
917 907 1202 962 impudicitia
1235 914 1415 975 ignavia
1448 917 1623 961 luxuria
1656 922 1732 962 de-

126 971 337 1017 terrimos
369 975 492 1018 velut
525 979 582 1020 ad
617 983 902 1034 perdendum
935 988 1175 1050 imperium
1209 993 1404 1037 fataliter
1436 998 1606 1040 electos
1638 1015 1729 1043 non

124 1056 310 1109 senatus
341 1057 481 1097 modo
514 1064 561 1099 et
594 1073 745 1115 eques,
780 1066 880 1118 quis
912 1068 1064 1123 aliqua
1097 1085 1200 1126 pars
1233 1081 1278 1116 et
1306 1089 1412 1118 cura
1439 1079 1728 1133 reipublicae,

124 1131 206 1175 sed
242 1133 403 1188 vulgus
436 1150 620 1193 quoque
653 1142 803 1196 palam
837 1150 1082 1192 maerere.’‘

183 1212 328 1256 Totus
359 1216 448 1258 loci
481 1233 716 1264 connexus
750 1225 1062 1273 huiuscemodi
1097 1239 1184 1275 est:
1216 1241 1410 1292 tempus,
1440 1242 1563 1294 quod
1591 1243 1728 1285 insta-

121 1291 215 1344 bat,
249 1295 423 1339 civibus
456 1300 600 1343 multo
628 1304 798 1347 tristius
826 1309 1068 1353 videbatur
1095 1327 1186 1356 non
1214 1316 1360 1359 solum
1387 1333 1523 1373 quam
1554 1322 1726 1366 Galbae

119 1371 230 1418 illud
263 1375 397 1430 (cum,
430 1378 537 1421 licet
570 1382 739 1426 bellum
773 1401 863 1430 non
897 1397 1029 1442 esset,
1063 1399 1133 1435 tot
1165 1401 1318 1440 tamen
1353 1400 1512 1444 fierent
1539 1404 1725 1461 scelera)

0 1443 18 1523 Ξ
118 1454 200 1507 sed
243 1456 382 1499 etiam
427 1473 565 1514 quam
610 1464 708 1518 ipsa
752 1467 974 1512 bellorum
1017 1474 1216 1518 civilium
1261 1484 1407 1521 aetas:
1452 1495 1556 1524 nam
1599 1490 1722 1536 tunc,

0 1534 2 1536 ’
120 1534 380 1592 quicunque
413 1553 627 1585 evasurus
660 1553 779 1589 esset
812 1551 1036 1606 princeps,
1065 1554 1152 1596 hoc
1179 1562 1332 1600 tamen
1361 1563 1602 1605 constabat
1627 1564 1721 1607 fore

120 1627 226 1658 eum
269 1618 415 1661 virum
463 1624 539 1676 qui
589 1628 935 1681 rempublicam.
960 1647 1116 1687 regere
1159 1645 1335 1690 posset3
1385 1647 1431 1682 at
1475 1656 1594 1685 nunc
1636 1646 1722 1687 hoc

119 1709 260 1738 unum
306 1700 514 1766 sciebant
557 1703 765 1748 homines
814 1711 1113 1762 „deteriorem
1146 1716 1254 1767 fore,
1289 1721 1365 1773 qui
1399 1722 1625 1765 vicisset.'’
1661 1725 1724 1768 At

0 1768 12 1795 ³²
72 1797 75 1799 ·
118 1788 239 1819 nunc
282 1792 367 1833 ego
409 1781 455 1822 in
500 1797 626 1835 voce,
672 1800 790 1840 quae
823 1797 892 1832 est
925 1807 1126 1837 maerere
1157 1797 1343 1850 haereo;
1378 1815 1468 1843 non
1503 1804 1637 1855 enim,
1671 1812 1722 1848 ut

115 1857 293 1911 opinor,
318 1868 535 1915 praesens
566 1866 735 1908 malum
770 1883 1036 1923 maeremuS,
1071 1877 1150 1917 sed
1171 1882 1469 1932 praeteritam
1498 1885 1719 1927 conditio-

111 1949 233 1989 nem,
275 1945 505 1994 praesenti
550 1946 798 1991 meliorem.
845 1951 967 2006 Ergo
1011 1961 1089 1996 aut
1132 1957 1329 2010 Tacitus,
1374 1975 1476 2003 cum
1511 1963 1718 2008 homines

112 2016 170 2059 de
198 2023 428 2072 praesenti
456 2029 665 2080 tempore
692 2031 948 2084 cogitantes
974 2035 1161 2087 inducit,
1192 2039 1280 2081 iam
1298 2043 1451 2084 animo
1469 2048 1716 2099 praesumit

110 2101 307 2153 tempus,
354 2115 446 2156 quo
478 2110 736 2159 praesentia
770 2115 1107 2170 praeteritaque
1140 2118 1256 2160 inter
1288 2135 1334 2163 se
1369 2127 1714 2179 comparabunt,

111 2177 309 2234 ideoque
340 2196 541 2227 maerere
573 2189 724 2240 posuit
758 2191 834 2232 ubi
868 2194 1015 2247 quivis
1048 2197 1159 2239 alius
1190 2200 1426 2256 indignari
1450 2212 1569 2247 esset
1597 2210 1714 2262 posi-

110 2262 250 2310 turus,
293 2268 384 2312 aut,
432 2264 476 2305 id
520 2269 643 2320 quod
688 2270 831 2312 multo
874 2274 1170 2328 verisimilius,
1206 2294 1350 2334 pauca
1382 2287 1607 2337 quaedam
1641 2288 1713 2331 hic

110 2339 380 2384 exciderunt
421 2350 560 2399 atque
602 2348 665 2389 sic
708 2351 936 2404 explenda
979 2355 1161 2400 lacuna:
1201 2363 1305 2413 „sed
1340 2364 1498 2419 vulgus
1530 2381 1712 2423 quoque

109 2419 366 2475 <indignari
400 2430 446 2466 et
478 2427 662 2480 priora>
696 2430 846 2484 palam
882 2437 1129 2479 maerere.”

0 1433 9 1441 =
0 1116 22 1378 -;x,.0=-ssw;-u.·==,·v·r2
0 1071 6 1091 ’“
22 987 26 990 ,
6 948 12 966 “·
8 874 27 929 ’.«;;-
7 688 34 786 ‘15:421
15 648 17 651 ’
18 570 34 626 ;;”’
19 532 24 543 “
18 462 42 503 ’,ἵ
33 321 36 327 -
23 283 38 291 η·
32 254 37 266 1*
24 205 43 240 ‘r'
27 183 30 185 ’

164 2578 223 2621 Η.
258 2581 291 2631 Ι,
330 2584 397 2636 58.
433 2585 631 2640 Imperio
665 2590 722 2630 ad
757 2591 994 2636 Vitellium
1023 2597 1176 2640 delato
1204 2604 1405 2654 protervi
1436 2606 1601 2649 milites
1629 2610 1708 2651 du-

103 2672 208 2701 cum
236 2666 525 2716 quorundam
552 2668 636 2710 sibi
665 2670 912 2715 invisorum
932 2690 1126 2730 poenam
1148 2682 1403 2735 postulant3
1423 2692 1529 2728 ante
1548 2702 1706 2732 omnes

102 2739 209 2782 dedi
251 2743 337 2785 sibi
382 2745 544 2789 Iulium
589 2749 859 2803 Bardonem,
895 2754 1192 2802 Germanicae
1225 2762 1378 2805 classis
1410 2767 1705 2821 praefectum,

102 2821 161 2861 ad
207 2823 479 2878 supplicium
525 2812 751 2884 flagitant:
795 2833 899 2876 huic
933 2837 1053 2879 enim
1088 2844 1353 2893 praesertim
1387 2847 1706 2893 vitio'dabant

104 2900 270 2943 Fontei
315 2903 564 2959 Capitonis,
608 2912 850 2963 gratissimi
895 2916 1035 2968 ducis,
1081 2919 1326 2965 interitum.
1360 2925 1426 2967 At
1458 2927 1566 2970 dolo
1600 2944 1703 2972 eum

103 2980 295 3024 militum
329 2987 544 3028 saevitiae
577 2990 802 3033 subtrahit
836 2994 1069 3039 Vitellius:
