2040 3412
854 852 958 894 XII.

163 1005 343 1061 Agetur
367 1006 439 1048 hic
465 1006 522 1047 de
546 1006 599 1047 iis
624 995 772 1046 Taciti
798 1004 1131 1058 narrationibus
1156 1017 1286 1057 quae,
1311 1003 1426 1044 sicut
1451 1003 1573 1056 apud
1601 1016 1704 1043 eum

35 1132 40 1133 ⁷
102 1086 327 1142 leguntur,
368 1086 558 1140 intelligi
596 1086 871 1140 probarique
904 1098 995 1126 non
1029 1085 1218 1139 possint,
1253 1084 1467 1132 obscuris,
1500 1083 1706 1132 turbatis,

103 1166 402 1222 imperfectis;
447 1179 656 1220 quaeque
700 1166 821 1206 vitiis
862 1165 947 1206 illis
989 1158 1199 1205 laborant
1236 1177 1327 1204 non
1361 1163 1490 1204 unius
1522 1162 1709 1204 alicuius

88 1246 314 1289 'vocabuli
357 1246 504 1301 culpa,
548 1247 672 1301 quod
707 1259 865 1300 parum
898 1250 1005 1299 apte
1037 1245 1096 1286 sit
1129 1245 1342 1298 positum,
1377 1244 1457 1284 sed
1492 1244 1598 1297 quia
1629 1249 1709 1284 aut

100 1327 162 1370 vad
209 1327 474 1370 historicum
517 1332 722 1368 nostrum
765 1326 826 1367 nil
871 1326 953 1367 nisi
998 1339 1139 1379 vagus
1183 1338 1336 1365 rumor
1379 1324 1588 1378 pervenit
1630 1329 1708 1365 aut

103 1407 210 1462 quia
249 1408 418 1449 nudam
451 1421 632 1449 narrare
666 1407 906 1448 veritatem
940 1405 1099 1454 noluit,
1132 1410 1210 1446 aut
1244 1404 1442 1457 denique
1474 1404 1579 1457 quia
1611 1417 1706 1445 rem

103 1486 302 1541 aliquam
334 1488 398 1528 ita
430 1487 667 1542 proposuit
701 1492 750 1527 ut
775 1485 946 1540 legenti
974 1485 1223 1526 admodum
1251 1484 1309 1525 sit
1336 1483 1517 1525 difficile
1544 1497 1635 1524 non
1661 1484 1705 1524 in

103 1566 301 1622 aliquem
323 1568 523 1609 incidere
547 1581 760 1610 errorem.
787 1566 980 1608 Causam
1004 1571 1157 1606 autem
1176 1578 1254 1605 cur
1271 1564 1498 1604 interdum
1517 1551 1709 1605 noluerit
1733 1604 1745 1613 κ

103 1661 199 1689 rem
232 1648 296 1690 ita
328 1653 377 1689 ut
408 1653 537 1702 gesta
570 1653 689 1689 esset
720 1646 1066 1704 tradere,·hanc
1101 1645 1393 1700 praecipuam
1421 1643 1555 1685 fuisse
1583 1644 1707 1697 quod

7 1726 19 1742 '²
62 1729 161 1782 „ad
194 1728 418 1770 dirissima
444 1728 798 1782 saevissimaque
826 1726 1054 1768 credenda
1082 1726 1200 1767 iusto
1228 1724 1361 1766 fuerit
1390 1724 1587 1778 pronior,
1619 1724 1708 1765 iam

102 1809 211 1851 satis
255 1814 466 1851 accurate
514 1809 558 1850 in
601 1808 983 1863 praecedentibus
1024 1805 1455 1855 demonstravimus;
1503 1818 1709 1846 nonnun-

101 1901 238 1942 quam
271 1889 336 1929 rei
368 1887 555 1945 alicuius
586 1893 692 1929 ante
727 1887 894 1929 multos
926 1900 1070 1928 annos
1103 1891 1315 1940 peractae
1348 1885 1572 1925 rationem
1605 1898 1708 1925 eum

102 1966 267 2022 fugisse
309 1967 503 2009 invitum
546 1968 646 2022 quis
690 1965 954 2008 mirabitur?
999 1967 1095 2007 Iam
1134 1979 1242 2007 vero
1274 1965 1420 2019 ipsam
1453 1965 1707 2005 orationem

101 2047 337 2089 Taciteam
365 2048 617 2089 identidem
646 2047 823 2088 efficere
850 2053 899 2088 ut
926 2051 1085 2088 auctor
1114 2045 1230 2086 male
1258 2044 1447 2098 intelligi
1472 2043 1542 2085 vel
1567 2045 1710 2097 possit

101 2127 175 2170 vel
216 2128 399 2178 debeat,
438 2128 484 2169 id
518 2141 627 2169 vero
660 2133 840 2169 tantum
873 2126 1003 2168 abest
1037 2131 1086 2167 ut
1119 2124 1384 2166 incredibile
1417 2125 1627 2166 videatur
1659 2129 1708 2164 ut

102 2223 193 2251 non
228 2209 371 2250 multo
403 2209 583 2263 saepius
616 2208 726 2250 illud
760 2208 968 2249 accidere
1002 2207 1096 2248 iure
1131 2206 1358 2247 miremur.

175 2289 298 2331 Ann.
342 2289 425 2339 XI,
478 2299 547 2342 25.
597 2289 845 2342 „Famosos
891 2287 1071 2342 probris
1117 2298 1317 2339 quonam
1365 2285 1504 2325 modo
1551 2289 1710 2325 senatu

101 2369 292 2424 pelleret
333 2369 494 2411 anxius
536 2368 797 2423 (Claudius),
841 2368 1000 2409 mitem
1038 2371 1084 2407 et
1118 2379 1275 2406 recens
1308 2369 1535 2418 repertam
1569 2377 1706 2417 quarn

100 2463 159 2492 ex
190 2450 434 2491 severitate
466 2449 614 2504 prisca
642 2449 865 2490 rationem
894 2447 1116 2495 adhibuit,
1146 2445 1377 2486 monendo
1405 2458 1559 2485 secum
1587 2444 1705 2497 quis-

101 2545 189 2585 que
222 2531 279 2572 de
312 2544 359 2572 se
388 2529 664 2571 consultaret
693 2534 962 2583 peteretque
991 2528 1058 2568 ius
1086 2526 1282 2567 exuendi
1310 2525 1499 2575 ordinis;
1524 2525 1702 2566 facilem

100 2611 196 2652 eius
227 2610 290 2652 rei
322 2610 525 2660 veniam;
560 2615 606 2651 et
640 2615 789 2650 motos
820 2613 980 2649 senatu
1015 2612 1346 2659 excusatosque
1378 2605 1511 2646 simul
1537 2618 1703 2659 propo-

99 2691 303 2740 siturum,
346 2695 396 2731 ut
439 2690 654 2731 iudicium
700 2701 939 2730 censorum
979 2700 1031 2728 ac
1064 2687 1212 2741 pudor
1243 2690 1408 2740 sponte
1442 2685 1703 2726 cedentium

100 2772 327 2826 permixta
358 2770 655 2824 ignominiam
689 2767 930 2811 molliret''.

161 2851 341 2901 Mirum,
384 2850 549 2900 hercle,
593 2849 843 2898 consilium,
889 2847 1106 2901 quodque
1144 2859 1201 2886 ne
1233 2859 1260 2886 a
1293 2845 1483 2887 Claudio
1517 2844 1702 2899 quidem

100 2936 352 2987 exspecteS‚
396 2930 573 2971 etiamsi
618 2944 665 2971 re
708 2942 815 2970 vera
857 2933 951 2968 tam
990 2925 1131 2967 hebes
1162 2925 1417 2980 stultusque
1450 2925 1534 2967 fuit
1565 2938 1702 2979 quam
