2040 3412
1075 271 1160 325 238

315 388 390 430 illa
423 389 556 443 plane
588 404 720 431 sensu
754 396 940 432 careret.
974 390 1171 432 Pavidos
1195 392 1499 446 periculorum
1532 392 1715 447 ineptae
1748 397 1817 434 est
1847 391 1915 435 lo·

318 470 559 522 quacitatis
591 476 636 512 et
669 471 713 512 in
747 471 895 512 Taciti
929 477 1058 512 textu
1092 472 1275 513 minime
1307 472 1536 514 ferendae.

379 549 436 590 H.
472 550 552 599 III,
586 550 656 605 67.
695 550 791 591 Iam
834 552 997 592 cedere
1039 551 1286 593 victoribus
1319 551 1530 594 Vitellius
1563 552 1780 603 decrevit,
1812 551 1914 595 hor·

317 629 519 670 tantibus
548 644 651 671 eum
678 631 835 672 amicis
863 637 910 672 ut
938 632 995 683 ad
1024 646 1283 686 supremum
1312 646 1359 674 se
1387 633 1644 687 accingeret
1666 638 1913 684 certamen,
1994 628 2002 644 ⁵

318 714 364 750 et
402 710 460 751 ad
505 710 770 752 eiurandum
813 713 1053 766 imperium
1086 712 1209 767 pullo
1241 713 1409 754 amictu
1445 712 1617 754 Palatio
1650 712 1934 767 digreditur.'
1991 714 2005 765 J

320 789 411 831 Sed
458 791 635 831 tristem
683 790 805 832 illam
854 792 1158 833 narrationem
1207 793 1440 847 praecedit
1482 797 1684 833 moestae
1726 791 1812 843 rei,
1854 791 1913 834 ad
1979 772 1996 787 ⁷)

319 869 464 924 ipsam
497 870 782 924 imperatoris
814 871 1000 912 domum
1021 872 1315 926 pertinentis,
1348 872 1744 914 commemoratio:

385 956 506 1003 „erat
549 950 610 991 illi
655 956 700 992 et
738 950 853 992 fessa
886 957 1036 993 aetate
1069 952 1253 1006 parens;
1288 966 1404 1006 quae
1436 957 1590 993 tamen
1622 951 1777 1006 paucis
1808 955 1914 994 ante

321 1029 481 1071 diebus
527 1035 786 1084 opportuna
833 1037 979 1073 morte
1027 1033 1254 1074 excidium
1303 1033 1464 1074 domus
1512 1032 1762 1086 praevenit,
1805 1029 1954 1073 nihil·

322 1110 579 1165 principatu
613 1110 689 1151 filii
723 1112 940 1153 adsecuta
972 1113 1055 1153 nisi
1089 1112 1259 1154 luctum
1294 1118 1338 1154 et
1373 1113 1540 1154 bonam
1573 1110 1783 1154 famam.”

383 1190 487 1231 Non
531 1191 626 1232 sine
670 1204 804 1232 causa
846 1191 958 1232 haec
1001 1192 1375 1246 praemittuntur;
1421 1205 1530 1233 mox
1573 1191 1695 1233 enim
1728 1191 1920 1246 legimus

324 1283 415 1311 non
457 1270 601 1311 solum
646 1271 820 1312 Palatio
864 1272 1113 1325 digressum
1147 1271 1398 1322 Vitellium,
1440 1272 1520 1313 sed
1552 1278 1720 1314 maesta
1750 1271 1919 1313 circum
1992 1318 2003 1322 „

315 1352 520 1406 familia,
556 1365 664 1406 ergo
695 1351 899 1406 legentes
931 1358 1066 1394 antea
1093 1353 1282 1394 edoctos
1310 1357 1494 1407 oportet
1521 1352 1578 1393 de
1607 1351 1763 1393 matris
1789 1349 1922 1401 illius,
1974 1332 1992 1341 ’Δ

326 1432 383 1472 de
425 1445 515 1485 qua
557 1432 601 1472 in
644 1433 1022 1486 praecedentibus
1065 1445 1209 1486 pauca
1245 1432 1325 1473 sed
1358 1432 1562 1486 egregria
1593 1434 1920 1486 cognoverunt,

326 1517 461 1552 sorte.
494 1510 584 1553 Sed
620 1511 691 1552 hic
723 1512 768 1552 in
801 1511 877 1552 illo
909 1519 1156 1567 opportuna
1187 1519 1328 1554 morte
1358 1511 1511 1552 omnia
1541 1516 1668 1561 sunt;
1700 1509 1787 1552 illis
1812 1509 1942 1566 ipsis

326 1593 486 1633 diebus
529 1606 628 1633 eam
674 1598 897 1633 mortuam
941 1605 1037 1633 esse
1081 1605 1199 1634 nunc
1232 1592 1379 1646 quivis
1411 1592 1565 1633 statim
1597 1590 1821 1646 intelligit,
1855 1589 1921 1631 di-

325 1673 454 1714 sertis
498 1673 542 1714 id
586 1673 723 1713 etiam
765 1672 915 1714 verbis
958 1672 1122 1729 referre
1164 1672 1516 1726 ingratissimum
1549 1677 1631 1713 est.
1674 1671 1798 1733 Ergo
1829 1682 1921 1712 non

325 1766 427 1793 cum
469 1753 534 1793 Io.
577 1752 796 1794 Muellero
837 1760 939 1794 ante
978 1753 1058 1793 sed
1101 1757 1250 1794 totum
1292 1751 1401 1794 illud
1435 1752 1595 1807 paucis
1634 1758 1736 1794 ante
1774 1750 1924 1793 diebus

325 1834 597 1875 eiiciendum
630 1846 807 1874 censeo.
843 1832 994 1874 Etiam
1028 1832 1073 1873 in
1108 1833 1316 1886 proxima
1349 1831 1512 1873 vicinia
1543 1831 1669 1874 locus
1696 1831 1768 1873 hic
1794 1829 1922 1872 scioli

327 1927 509 1955 manum
543 1919 611 1954 est
644 1918 872 1968 expertus.
907 1911 981 1954 Sic
1014 1912 1135 1953 enim
1168 1913 1391 1967 pergitur:

392 1992 637 2047 „Quintum
680 1993 907 2033 decimum
950 1991 1167 2033 kalendas
1204 1992 1438 2034 Ianuarias
1479 1991 1635 2033 audita
1667 1989 1922 2032 defectione

326 2073 516 2127 legionis
562 2072 923 2127 cohortiumque,
971 2055 1087 2126 quae
1134 2086 1181 2113 se
1230 2072 1426 2113 Narniae
1470 2054 1754 2121 dediderant,
1798 2068 1923 2125 pullo

328 2154 495 2194 amictu
530 2153 700 2194 Palatio
733 2152 1028 2206 digreditur.”

387 2233 671 2287 Agnoscisne
708 2232 1075 2273 annotationem:
1110 2245 1251 2286 „quae
1283 2245 1330 2272 se
1365 2231 1561 2272 Narniae
1595 2226 1922 2272 dediderant’'?

330 2314 434 2355 Non
462 2314 646 2354 Tacitus
673 2327 720 2354 se
748 2327 774 2354 a
796 2318 891 2354 tam
909 2312 1141 2354 obliviosis
1158 2311 1326 2353 lectum
1345 2312 1396 2353 iri
1414 2311 1674 2352 hominibus
1690 2314 1928 2365 exspecta·
1985 2303 1987 2306 Α

329 2395 408 2443 vit,
435 2394 598 2447 quibus
627 2407 740 2448 opus
769 2398 886 2434 esset
913 2393 1066 2434 omnia
1083 2392 1334 2434 identidem
1352 2392 1396 2433 in
1415 2392 1680 2433 memoriam
1698 2403 1926 2451 revocare.·

391 2473 449 2517 H.
483 2474 564 2523 ΙΙΙ,
598 2475 668 2528 69.
711 2473 878 2528 Sparso
921 2486 1100 2514 rumore
1144 2473 1201 2514 de
1234 2473 1424 2527 imperio
1457 2487 1484 2514 a
1517 2472 1705 2514 Vitellio
1737 2463 1924 2522 eiurato,

331 2554 514 2595 Flavius
548 2553 742 2595 Sabinus
773 2568 799 2595 a
831 2553 1103 2607 primoribus
1135 2553 1331 2594 civitatis
1362 2552 1649 2610 compellitur
1680 2557 1729 2593 ut
1755 2556 1802 2593 et
1827 2551 1926 2614 ipse

331 2634 546 2675 victoriae
575 2634 811 2687 famaeque
829 2623 1007 2687 partem
1026 2638 1245 2686 capessat.
1275 2631 1362 2686 Qui
1379 2632 1456 2674 ubi
1474 2632 1661 2673 tandem
1679 2630 1925 2685 aliquando

333 2727 488 2754 eorum
532 2715 664 2755 cessit
706 2713 915 2768 precibus
952 2713 1138 2766 —ipse
1180 2712 1301 2753 enim
1345 2717 1504 2754 natura
1547 2711 1682 2766 paulo
1722 2710 1928 2766 ignavior

333 2807 582 2847 parumque
625 2794 683 2834 ad
726 2794 954 2847 agendum
998 2797 1236 2846 promptus
1278 2797 1373 2833 erat
1407 2816 1464 2822 —-
1502 2791 1653 2833 subito
1695 2790 1929 2845 cognoscit

335 2872 493 2926 vulgus
522 2879 567 2913 et
596 2873 806 2913 cohortes
834 2871 1124 2913 Germanicas
1150 2871 1208 2912 ad
1238 2876 1491 2912 extremum
1521 2885 1603 2925 pro
1621 2869 1809 2912 Vitellio
1826 2869 1930 2911 sub-
1992 2868 2014 2882 ³

338 2952 537 2993 eundum
571 2957 800 2993 certamen
834 2957 1038 3006 paratas:
