2040 3412
142 612 277 668 Quod
311 620 435 676 vulgi
468 616 724 674 rumoribus
756 635 881 680 Otho
914 649 959 684 et
990 645 1150 690 Vinius
1184 666 1348 706 „gener
1375 671 1426 700 ac
1454 674 1583 704 socer
1609 666 1744 709 desti-

138 695 409 742 nabantur.”
452 704 580 749 Haec
624 710 770 756 Taciti
813 721 953 764 verba
994 734 1110 770 sunt.
1155 731 1206 773 In
1251 733 1457 780 familiari
1492 744 1741 790 otiosorum

134 786 343 820 sermone
386 783 496 826 nihil
538 787 625 831 ista
669 793 851 839 ubertas
900 817 1064 857 „gener
1094 822 1147 850 ac
1180 814 1338 856 socer’'
1372 820 1549 864 molesti
1584 825 1736 870 habet.

56 883 59 887 ⁴
134 852 282 898 Immo
320 859 419 915 ipsa
450 863 686 913 hominum
720 876 812 918 vita
846 881 1046 936 refertur,
1081 889 1117 930 si
1150 893 1250 945 quis
1282 897 1339 938 de
1372 903 1543 955 populo
1575 907 1638 948 sic
1671 908 1734 950 lo-

131 947 276 988 quens
307 939 559 989 inducitur:
599 953 733 1003 „mihi
768 961 915 1011 crede,
951 964 1042 1008 duo
1070 968 1142 1011 isti
1171 967 1266 1025 viri,
1295 990 1410 1031 quos
1437 983 1576 1034 vides,
1607 986 1731 1031 Otho

127 1019 174 1057 et
208 1016 390 1072 Vinius,
434 1025 681 1082 aliquando
723 1050 863 1090 gener
905 1038 1124 1102 socerque
1166 1057 1343 1098 erunt.”

57 1899 64 1907 ⁶
102 1895 299 1957 Othonis
331 1919 384 1947 ac
417 1908 508 1951 Titi
543 1913 667 1957 Vinii
701 1922 942 1976 amicitia''‚
979 1943 1229 1989 parumque
1258 1939 1495 1987 Taciteum
1526 1948 1705 1993 videtur

99 1982 170 2019 tot
195 1983 344 2026 verbis
372 1989 436 2029 uti
463 1992 522 2032 ad
550 1994 970 2057 demonstrandum,
1001 2024 1138 2063 quam
1166 2022 1314 2062 artum
1343 2022 1450 2089 illud
1475 2029 1702 2074 amicitiae

97 2055 230 2101 fuerit
272 2064 501 2111 vinculum
545 2086 636 2127 quo
683 2078 843 2123 Vinius
886 2091 932 2127 et
973 2088 1097 2132 Otho
1132 2094 1248 2138 inter
1279 2102 1499 2146 seiuncti
1534 2117 1698 2154 essent.

98 2136 218 2191 Quid
252 2156 361 2198 ergo
395 2156 491 2192 erat
524 2152 569 2194 in
601 2155 686 2197 illis
720 2166 985 2208 rumusculis
1018 2174 1188 2226 populi,
1219 2181 1341 2231 quod
1369 2183 1496 2226 bilem
1526 2187 1698 2234 Galbae

95 2223 328 2266 moveret?
362 2227 480 2272 Nam
515 2234 599 2275 nisi
633 2236 757 2281 illum
790 2243 1003 2289 effectum
1037 2259 1278 2300 rumusculi
1312 2262 1384 2303 isti
1418 2265 1694 2323 habuissent,

92 2310 182 2340 non
217 2306 440 2355 potuisset
472 2311 577 2355 inde
612 2320 733 2360 nasci
768 2336 903 2367 causa
931 2341 1008 2370 cur
1035 2334 1256 2389 adoptare
1287 2340 1517 2389 Othonem
1547 2349 1693 2395 Galba

88 2378 243 2423 nollet.
291 2384 378 2436 Sic,
424 2396 473 2431 ut
514 2407 599 2448 ego
643 2400 818 2452 opinor,
863 2405 981 2449 inter
1022 2425 1070 2453 se
1111 2414 1417 2471 loquebantur
1460 2427 1689 2477 homines:

89 2457 347 2510 „Othonem
390 2468 527 2514 istum
571 2474 823 2523 hominem.
849 2485 1105 2542 elegantem
1150 2507 1503 2559 venustumque,
1549 2524 1685 2564 quem

82 2540 290 2584 novimus
333 2560 503 2601 omneS,
540 2568 675 2608 quem
710 2574 791 2614 per
825 2566 983 2610 urbem
1017 2573 1285 2621 volitantem
1320 2583 1540 2639 videmus,
1574 2592 1683 2634 mihi

79 2620 228 2671 crede,
273 2638 380 2667 mox
423 2631 679 2678 videbimus
719 2640 904 2686 alterius
937 2653 1131 2695 consulis
1166 2656 1179 2710 (

1182 2663 1226 2699 et
1260 2661 1491 2722 principis)
1525 2669 1678 2723 filium,

78 2697 260 2744 alterius
291 2713 540 2759 generum.’

547 2714 556 2729 '
599 2715 815 2773 Suspicor
848 2739 955 2781 ergo
989 2730 1197 2778 Tacitum
1232 2742 1486 2796 scripsisse:
1526 2758 1679 2805 „pater

75 2790 128 2819 ac
172 2794 300 2826 socer
343 2788 718 2840 destinabantur”
760 2817 906 2859 eoque
947 2810 1091 2854 invito
1123 2816 1352 2873 irrepsisse
1385 2826 1675 2876 decantatam

1151 2929 1159 2937 .
1197 2899 1358 2956 Neque
1386 2905 1574 2952 fortasse
1602 2913 1674 2956 hic

73 2940 394 2996 negligendum
428 2955 565 3004 quod,
602 2971 703 3000 curn
737 2976 806 3004 res
834 2965 931 3020 ipsa
958 2969 1072 3014 ferat
1100 2982 1149 3017 ut
1177 2979 1267 3021 duo
1293 2986 1529 3040 vocabula,
1556 3006 1672 3046 quae
