2040 3412
875 298 954 343 157

123 432 128 438 ·
175 407 335 464 „Quod
365 408 583 450 damnum
611 408 776 450 Caesar
802 409 867 450 ad
883 408 1084 464 gloriam
1106 404 1245 451 vertit
1269 409 1466 451 exolutis
1494 410 1714 452 domuum

0 2334 19 2614 l

0 2627 15 2686 ,ἓ

0 2768 15 2833 ξ

0 2836 23 2990 {J

40 490 48 541 ’ζ
110 495 158 533 et
189 489 434 532 insularum
469 488 669 544 pretiis.”

170 570 274 612 Non
308 570 616 612 misericordia
649 575 824 611 motum
857 574 1032 611 tantam
1066 570 1342 625 impendisse
1371 571 1608 625 pecuniam
1638 572 1712 613 Ti-

34 637 65 693 ’ἶ
107 650 297 700 betium,
330 650 410 692 sed
443 656 493 692 ut
525 650 718 704 gratiam
752 650 885 691 iniret
918 650 1098 700 civium,
1133 650 1205 692 vel
1238 651 1344 705 quia
1375 657 1557 706 putaret
1589 652 1710 694 illam

33 728 58 793 5'
107 730 465 773 munificentiam
507 743 637 771 suum
682 731 844 772 decere
887 735 1056 772 statum
1100 730 1355 786 locumque,
1401 733 1436 772 si
1479 733 1710 783 sumimus,

47 851 49 854 .
105 811 368 854 coniectura
411 811 590 860 utimur,
634 810 859 865 probabili
899 812 1099 865 quidem,
1133 812 1213 853 sed
1246 817 1401 853 tamen
1434 813 1709 855 coniectura.

31 873 55 945 · ,
105 891 168 935 Et
210 891 319 946 quid
359 897 456 933 turn
488 891 707 933 sumimus
740 891 863 945 quod
898 905 989 932 non
1023 891 1095 932 vel
1126 892 1171 933 in
1205 892 1431 946 optimum
1464 894 1708 936 conveniat

22 959 49 1025 2sp
104 970 386 1027 principem?
421 970 511 1013 Sed
546 971 622 1026 qui
651 971 762 1012 nihil
789 971 862 1012 hic
890 972 1045 1013 videre
1072 971 1170 1013 vult
1197 964 1281 1014 nisi
1310 987 1474 1014 vanam
1502 974 1707 1016 iactatio—

25 1027 75 1070 ⁴³*
104 1063 210 1113 nem
243 1056 290 1092 et
320 1051 528 1093 insanum
560 1051 731 1105 gloriae
759 1051 974 1101 studium,
1003 1052 1038 1092 is
1064 1045 1252 1106 quidem
1281 1052 1485 1107 legentes
1511 1054 1708 1096 ludibrio

103 1131 274 1174 habere
307 1132 416 1174 mihi
450 1132 647 1174 videtur.'

163 1211 213 1254 C.
239 1211 312 1265 46.
341 1212 411 1253 De
439 1212 664 1254 tradendo
692 1212 883 1267 imperio
913 1212 1086 1267 cogitat
1113 1212 1336 1263 Tiberius,
1363 1214 1443 1256 sed
1468 1228 1558 1256 non
1578 1214 1708 1257 facile

102 1292 144 1335 ei
187 1298 256 1335 est
298 1298 457 1348 aptum
502 1293 693 1348 imperio
731 1293 934 1334 invenire
972 1306 1302 1335 successorem:
1347 1293 1395 1336 C.
1441 1294 1606 1337 Caesar
1638 1310 1708 1337 su-

27 1372 36 1382 *
101 1379 285 1429 spectus
324 1373 365 1415 ei
408 1379 490 1424 est,
534 1387 691 1428 nepOS,
735 1374 884 1415 Druso
918 1373 1010 1415 filio
1041 1375 1233 1428 genitus,
1268 1375 1396 1415 annis
1428 1375 1707 1427 immaturus,

35 1463 37 1465 ’
103 1459 256 1496 mente
290 1460 450 1509 captus
483 1453 718 1496 Claudius:

165 1533 271 1588 „Sin
305 1540 434 1576 extra
467 1535 655 1576 domum
681 1548 914 1576 successor
940 1540 1246 1589 quaereretur,
1276 1549 1332 1577 ne
1362 1537 1580 1578 memoria
1610 1537 1704 1579 Au-

98 1615 232 1670 gusti,
260 1629 317 1656 ne
345 1629 514 1657 nomen
541 1615 784 1657 Caesarum
813 1615 857 1656 in
886 1615 1131 1657 ludibrium
1160 1621 1405 1666 verterent,
1424 1616 1703 1659 metuebat.”

159 1695 298 1747 Nihil,
333 1701 389 1738 ut⁴
413 1697 589 1751 opinor,
624 1695 711 1737 hoc
740 1701 862 1737 metu
892 1696 1143 1750 excogitari
1172 1702 1324 1750 potest
1354 1697 1496 1751 magis
1524 1697 1703 1739 honori-

55 1774 64 1777 ’
98 1775 249 1818 ficum.
281 1776 359 1818 An
392 1777 517 1819 cordi
546 1790 637 1818 non
665 1790 763 1818 esse
791 1782 1003 1831 oportere
1032 1777 1173 1818 cuivis
1202 1790 1467 1819 censeamus
1495 1779 1702 1833 principi,

99 1861 148 1898 ut
179 1856 318 1898 etiam
352 1862 457 1912 post
488 1870 615 1899 suam
649 1862 844 1899 mortem
876 1858 942 1898 sui
976 1857 1101 1911 regni
1138 1862 1312 1911 perstet
1345 1857 1592 1899 memoria?
1625 1858 1701 1900 An

98 1950 374 1992 quemquam
422 1951 577 1992 regem
623 1938 1006 1992 imperatoremve
1051 1934 1152 1979 tam'
1190 1938 1404 1979 hebetem
1447 1938 1704 1980 somnolen-

95 2021 285 2072 tumque
319 2031 416 2059 esse
449 2018 730 2073 postulemus
763 2023 812 2059 ut
844 2032 891 2059 se
925 2031 1028 2059 cum
1056 2023 1157 2059 toto
1185 2032 1266 2060 suo
1295 2019 1486 2073 imperio
1513 2024 1702 2073 totaque

97 2110 178 2139 sua
208 2103 346 2152 gente
378 2098 423 2140 in
456 2097 736 2140 oblivionem
764 2098 918 2139 venire
947 2112 1095 2152 aequo
1124 2098 1238 2140 ferat
1266 2097 1447 2140 animo?
1475 2098 1702 2153 Quorsum

97 2191 206 2233 ergo
247 2179 447 2233 pertinet
479 2179 672 2220 mordax
704 2179 824 2220 istud
859 2184 906 2220 et
938 2178 1127 2220 lividum
1161 2179 1218 2220 de
1252 2178 1436 2220 Tiberio
1471 2179 1701 2230 iudicium,

95 2259 219 2313 quod
252 2259 403 2300 verbis
435 2260 573 2301 modo
606 2259 753 2301 allatis
785 2259 971 2300 Tacitus
1003 2259 1232 2313 adiungit:

160 2338 368 2395 „Quippe
410 2340 472 2382 illi
516 2354 607 2382 non
650 2341 839 2395 perinde
879 2353 1013 2382 curae
1045 2340 1190 2394 gratia
1222 2340 1528 2394 praesentium
1562 2355 1700 2396 quam

95 2417 140 2460 in
173 2426 381 2474 posteros
413 2419 661 2462 ambitio'’?

155 2500 321 2543 Nonne
376 2502 497 2543 enim
545 2502 778 2556 egregium
825 2500 948 2550 illud,
998 2514 1106 2555 prae
1154 2500 1274 2542 fama
1321 2501 1441 2555 apud
1491 2506 1698 2556 posteros

86 2583 390 2637 praesentium
427 2583 634 2638 gratiam
674 2580 931 2636 negligere?
977 2581 1142 2622 Nonne
1185 2580 1272 2622 hoc
1313 2595 1495 2636 semper
1536 2596 1695 2624 omnes

93 2661 296 2703 fecerunt
324 2662 566 2717 principes,
595 2663 671 2716 qui
701 2663 887 2716 quidem
914 2675 963 2702 se
994 2675 1085 2702 non
1114 2661 1171 2702 ab
1199 2662 1411 2703 omnibus
1429 2663 1695 2705 mortalibus
1747 2666 1749 2669 ’

92 2743 339 2798 contemni,
372 2743 559 2798 despici,
594 2743 789 2785 derideri
823 2740 1019 2784 vellent?
1053 2741 1254 2784 Omnino
1284 2743 1381 2785 viri
1405 2749 1474 2785 est
1501 2743 1694 2798 gratiam

92 2823 397 2878 praesentium
431 2824 559 2878 parvi
593 2829 776 2878 putare;
810 2822 946 2877 plane
979 2821 1101 2863 illam
1135 2822 1383 2877 despicere,
1414 2838 1506 2878 quo
1534 2824 1694 2866 melius

91 2901 237 2945 famae
269 2904 390 2958 apud
424 2910 631 2958 posteros
658 2902 877 2953 consulat,
907 2902 1123 2957 principis
1151 2908 1220 2944 est
1248 2903 1432 2958 eiusque
1462 2910 1692 2959 praestan-

90 2982 264 3025 tissimi.
293 2983 478 3025 Tacitus
506 2989 659 3025 tamen
689 2983 967 3038 praeclaram
996 2982 1166 3024 Tiberii
1194 2985 1468 3027 sententiam
1496 2987 1691 3040 pruden-
