2040 3412
935 312 987 357 53

219 421 342 463 Ann.
378 423 411 472 1,
452 434 516 476 19.
549 422 900 464 Tumultuantes
933 424 1195 466 Pannoniae
1229 426 1394 467 milites
1427 426 1472 467 in
1505 426 1762 480 praesentia

157 501 356 557 placavit
389 501 574 543 Blaesus
605 501 801 556 legatus:
838 503 1198 558 impetraverunt
1231 505 1289 546 ab
1321 519 1376 546 eo
1404 510 1454 546 ut
1482 505 1620 560 ipsius
1647 505 1764 546 filius

157 581 352 624 Romam
401 582 669 632 mitteretur,
719 584 795 637 qui
845 583 1074 638 postulata
1121 598 1201 625 sua
1248 585 1336 639 (vel
1385 586 1536 639 potius
1584 591 1761 640 partem

156 662 330 714 eorum)
364 663 421 704 ad
453 662 715 716 Augustum
749 663 987 718 perferret:

219 742 456 797 „Profecto
483 744 647 784 iuvene
675 744 905 785 modicum
933 745 1077 785 otium
1087 763 1096 795 ;
1126 746 1206 786 sed
1224 745 1457 800 superbire
1477 746 1617 795 miles,
1637 747 1761 800 quod

155 822 272 865 filius
297 823 436 878 legati
464 829 617 865 orator
644 824 854 878 publicae
882 838 1043 866 causae
1071 826 1179 866 satis
1207 826 1470 867 ostenderet
1493 826 1764 867 necessitate

157 916 386 958 expressa,
420 917 536 957 quae
569 917 650 958 per
682 904 954 945 modestiam
989 918 1079 946 non
1113 904 1472 946 obtinerentur”.

151 991 153 994 ⁴
217 981 514 1036 Λογικώτερον,
543 989 592 1024 ut
620 985 796 1038 opinor,
825 984 912 1025 hoc
938 984 1074 1026 foret:
1111 986 1407 1038 „necessitate
1435 987 1628 1040 exprimi
1647 1000 1763 1040 quae

157 1077 239 1118 per
271 1064 543 1106 modestiam
576 1077 667 1105 non
701 1064 1037 1115 obtineantur”‚
1073 1079 1178 1107 nam
1211 1080 1369 1107 revera
1401 1066 1622 1108 nihildum
1651 1067 1763 1108 mili-

156 1149 226 1187 tes
263 1145 638 1200 „expresserunt”
671 1131 754 1186 nisi
789 1151 838 1187 ut
870 1146 1045 1187 iuvenis
1078 1146 1151 1187 ille
1185 1152 1337 1188 orator
1365 1147 1573 1201 publicae
1602 1161 1763 1189 causae

157 1226 428 1268 mitteretur.
472 1225 563 1268 Sed
607 1226 711 1267 hinc
755 1226 863 1267 dum
905 1226 1164 1280 generalem
1199 1227 1431 1268 deducunt
1465 1228 1761 1269 sententiam:

161 1306 288 1362 „plus
329 1307 601 1348 necessitate
642 1321 779 1360 quam
823 1307 1049 1348 modestia
1088 1307 1365 1362 proficitur”,
1399 1308 1531 1349 simul
1563 1309 1649 1350 sibi
1683 1309 1764 1350 fin-

155 1393 268 1443 gunt
295 1387 584 1443 impetratum
612 1388 703 1429 iam
730 1402 820 1429 esse
846 1389 970 1442 quod
999 1394 1236 1442 rogaturus
1264 1389 1401 1430 etiam
1430 1388 1503 1430 ille
1524 1395 1604 1439 est,
1624 1395 1762 1443 atque

156 1467 203 1509 id
235 1467 435 1522 generali
468 1467 530 1508 illi
563 1468 817 1509 sententiae
851 1468 1103 1510 innectunt.

216 1547 340 1590 Ann.
374 1548 456 1598 IV,
491 1548 561 1590 62.
596 1548 801 1590 Fidenae
834 1548 1222 1603 amphitheatrum
1256 1549 1424 1590 corruit
1456 1555 1502 1590 et
1530 1549 1763 1603 ingentem

158 1629 465 1684 spectantium
499 1628 838 1670 multitudinem
871 1629 1042 1683 operit:

224 1709 310 1763 „Et
343 1708 405 1750 illi
438 1709 638 1763 quidem,
673 1723 787 1763 quos
820 1697 1093 1763 principium
1126 1710 1287 1763 stragis
1319 1710 1364 1750 in
1399 1715 1593 1751 mortem
1621 1710 1762 1751 afflix-

157 1795 268 1840 erat,
303 1795 352 1832 ut
383 1790 463 1831 tali
495 1795 630 1840 sorte,
659 1791 909 1832 cruciatum
937 1790 1158 1844 effugere:
1189 1791 1432 1832 miserandi
1463 1792 1619 1845 magis,
1648 1805 1762 1845 quos

156 1870 353 1925 abrupta
385 1876 514 1925 parte
547 1871 750 1925 corporis
783 1871 988 1912 nondum
1021 1871 1115 1912 vita
1148 1870 1452 1912 deseruerat”.

218 1950 477 1993 Cruciatum
520 1951 681 2005 aliquis
723 1951 874 1992 subita
912 1957 1058 1993 morte
1082 1951 1219 2006 plane
1251 1951 1420 2006 effugit,
1455 1957 1514 2001 et,
1548 1952 1583 1992 si
1616 1965 1762 2006 gram-

158 2032 352 2073 maticae
394 2032 617 2073 rationem
659 2031 894 2082 habemus,
928 2032 1134 2086 ineptum
1169 2037 1237 2072 est
1270 2032 1491 2073 eiusmodi
1525 2033 1761 2073 enuntiato

156 2113 326 2155 addere
359 2113 530 2167 aliquid
564 2113 687 2167 quod
716 2113 807 2153 vim
835 2112 1003 2153 habeat
1031 2113 1264 2154 minuendi
1294 2112 1359 2167 (ut
1384 2112 1469 2154 tali
1491 2112 1637 2166 sorte).
1668 2111 1759 2154 Sed

158 2193 344 2235 Tacitus
377 2193 678 2235 bimembrem
713 2193 830 2234 hanc
862 2193 1136 2234 sententiam
1170 2193 1214 2233 in
1250 2206 1384 2233 unam
1417 2192 1668 2233 contrahit:

216 2279 266 2315 ut
313 2273 391 2315 tali
438 2279 560 2315 sorte
608 2273 761 2315 felices
810 2278 938 2315 erant
986 2273 1303 2327 praedicandi:
1347 2273 1596 2314 cruciatum
1638 2273 1759 2314 enim

157 2354 370 2410 effugere.

218 2433 507 2477 Simillimum
539 2440 608 2476 est
642 2435 765 2488 quod
800 2433 934 2488 paulo
968 2438 1073 2487 post
1104 2432 1268 2487 legitur
1300 2445 1338 2473 c.
1372 2432 1450 2486 63:

221 2514 459 2568 „Ceterum
496 2515 580 2556 sub
613 2520 845 2556 recentem
869 2513 1056 2555 'cladem
1090 2518 1277 2567 patuere
1311 2525 1550 2566 procerum
1582 2513 1757 2563 domus,

156 2595 360 2636 fomenta
403 2600 449 2636 et
493 2595 658 2636 medici
702 2594 869 2648 passim
913 2592 1130 2647 praebiti;
1176 2592 1349 2646 fuitque
1394 2592 1499 2633 urbs
1542 2606 1623 2646 per
1662 2592 1761 2634 illos

156 2675 267 2724 dies,
311 2688 588 2729 quamquam
622 2679 795 2715 maesta
829 2673 957 2721 facie,
991 2678 1196 2713 veterum
1231 2672 1448 2713 institutis
1480 2672 1648 2722 similis,
1684 2674 1760 2727 qui

124 2769 126 2772 ·
156 2768 322 2809 magna
359 2760 463 2809 post
496 2754 668 2808 proelia
700 2754 876 2794 saucios
908 2752 1147 2806 largitione
1181 2757 1226 2793 et
1260 2766 1366 2793 cura
1398 2752 1759 2794 sustentabant'’.

217 2836 395 2877 Revera
436 2836 482 2876 in
524 2835 601 2876 illo
635 2842 803 2875 maesta
835 2834 964 2886 facie
1006 2832 1116 2874 nihil
1159 2838 1227 2873 est
1261 2833 1383 2887 quod
1418 2833 1760 2875 similitudinem

157 2915 279 2957 illam
323 2915 585 2965 imminuat;
630 2928 735 2956 nam
776 2914 913 2954 etiam
949 2918 1052 2966 post
1086 2926 1250 2966 magna
1282 2912 1455 2967 proelia
1488 2927 1579 2955 non
1613 2914 1760 2955 minus

157 3001 226 3037 est
259 2997 514 3038 moestitiae
543 2997 588 3037 in
617 2996 728 3036 urbe
756 3008 893 3048 quam
921 2999 1030 3035 tunc
1058 2998 1162 3047 post
1188 2993 1379 3043 cladem,
1409 3008 1525 3048 quae
1555 2995 1758 3036 Fidenae
