2040 3412
0 2403 18 2502 ἔ

0 2379 10 2399 ν
0 2299 12 2371 *w*
0 1687 27 2294 wffiwmmntwssvmfuzsnffaffiffl,.„„
13 1668 15 1670 .
2 1654 4 1657 v
0 1590 18 1645 ·.ἰ·ην,
11 1570 26 1579 3
10 1552 18 1559 „
6 1507 29 1541 ,με
18 1495 20 1498 ,
23 1468 26 1485 ..
19 1427 23 1436 „

874 280 931 323 43

103 389 236 434 mites
281 389 492 431 instantis
538 389 785 431 admoneat
833 388 1043 444 periculi:
1091 388 1191 431 illos
1232 394 1386 431 tamen
1430 388 1596 430 Bacchi
1639 387 1706 429 vis

0 508 1 514 ,
101 482 258 512 verum
302 482 460 510 eorum
501 482 683 510 sensum
727 470 984 524 perspicere
1017 475 1156 511 vetat.
1193 470 1297 511 Non
1331 453 1595 523 erat'igitur
1627 482 1706 510 cur

31 581 44 609 3
99 550 410 606 Nipperdeius
452 555 716 591 annotaret:
767 563 839 603 „es
882 550 940 591 ist
983 550 1300 604 merkwiirdig,
1345 551 1448 591 dass
1481 549 1554 591 die
1589 549 1706 590 nahe

16 611 46 661 '‘s--
99 629 309 686 liegende
352 629 643 684 Vermutung
685 610 798 671 fe'hlt
841 630 1026 671 Vettius
1069 630 1240 672 Valens
1277 630 1395 671 habe
1427 644 1478 671 so
1511 630 1704 671 ironisch

25 714 57 750 ,ἓ-
101 711 197 766 (cur
240 716 394 752 autem
435 709 642 761 εἰρωνικῶς
656 709 686 765 ?)
724 711 848 751 seine
882 710 1041 764 eigene
1078 698 1297 764 M'einung
1330 710 1441 752 iiber
1474 711 1546 751 die
1580 710 1707 751 kom-

7 772 51 823 ‘st
102 790 301 833 menden
329 791 511 845 Dingen
537 790 857 845 ausgedriickt,
883 791 975 831 und
995 790 1225 831 vielleicht
1242 790 1299 831 ist
1316 791 1412 831 dies
1430 789 1704 844 ausgefallen

7 851 42 934 [ἦν
101 869 248 927 (forte
288 871 416 926 lapsa
456 871 530 913 vel
567 870 743 912 consilio
780 871 917 912 missa
955 871 1067 911 oder
1098 870 1216 912 iacta
1247 869 1401 924 vox)’'.
1439 869 1550 910 Mihi
1584 869 1704 910 enim

105 950 394 1006 „notabilius”
443 951 685 1000 videretur,
734 951 770 991 si
814 950 900 992 hoc
939 950 1056 1004 loco,
1101 951 1178 1004 qui
1221 955 1344 991 totus
1387 950 1511 991 omni
1553 949 1704 1003 specie

5 1012 30 1048 '¹³
101 1032 196 1074 veri
237 1037 404 1083 careat,
445 1037 542 1074 tam
575 1032 775 1086 prudens
806 1037 993 1086 tamque
1026 1031 1276 1086 probabilis
1308 1031 1504 1085 suspicio
1538 1031 1706 1071 inserta

38 1126 44 1146 ·,
100 1117 243 1154 esset:
292 1125 396 1154 cum
445 1117 727 1166 contemptu,
777 1117 826 1153 ut
874 1112 1051 1166 opinor,
1094 1111 1334 1153 abiecisset
1376 1125 1477 1152 eam
1520 1110 1706 1152 Tacitus

96 1192 245 1235 sicubi
277 1193 539 1235 invenisset.

148 1260 368 1328 ¹Scriptor
409 1278 578 1323 autem,
620 1273 698 1327 qui
742 1273 788 1314 id
830 1272 970 1314 habet
1013 1273 1136 1327 quod
1173 1272 1261 1314 levi
1295 1271 1560 1327 plebeculae
1594 1271 1704 1312 vitio

79 1352 181 1399 .dat
212 1357 452 1408 poetarum
484 1353 753 1394 nostratium
787 1353 902 1402 Rex,
935 1358 985 1394 ut

341 1433 494 1492 Dirior
526 1439 594 1475 est
627 1438 800 1488 quanto
833 1447 904 1474 res
937 1447 1160 1487 quaeque,
1193 1433 1422 1474 lubentius
1454 1431 1577 1473 illam

343 1512 540 1555 Credere
572 1513 756 1555 festinet
787 1518 917 1554 tanto
939 1511 967 1567 ¹)

101 1604 258 1636 carere
299 1606 354 1634 ea
396 1593 564 1635 virtute
601 1593 730 1643 solet,
766 1606 904 1647 quam
937 1593 982 1634 in
1016 1592 1232 1634 historico
1265 1606 1373 1647 prae
1406 1592 1568 1633 ceteris
1599 1591 1710 1646 lepi-

83 1663 314 1715 ,dissimus
349 1673 726 1727 acutissimusque
759 1658 999 1715 historicus
1033 1671 1466 1726 Mueller-Striibing
1499 1672 1709 1725 requirit:

25 1746 64 1796 ι’7
106 1758 183 1806 „ut
224 1753 374 1797 iocum
417 1754 686 1808 intelligat”.
730 1753 931 1796 Omnino
974 1754 1160 1795 Tacitus
1203 1768 1230 1794 a
1269 1754 1379 1794 iocis
1412 1758 1479 1794 est
1512 1752 1708 1793 alienus:

101 1832 245 1875 semel
291 1838 471 1875 tantum
519 1835 564 1875 in
613 1839 684 1875 tot
731 1834 963 1888 tantisque
1012 1834 1262 1875 Annalium
1313 1834 1707 1886 Historiarumque

98 1910 225 1955 libris
256 1919 409 1955 narrat
441 1913 612 1968 aliquid
645 1915 769 1968 quod
803 1914 939 1969 paulo
973 1915 1030 1955 sit
1064 1914 1281 1963 festivius,
1314 1913 1373 1955 A.
1408 1913 1536 1963 XIII,
1574 1922 1651 1966 54:

161 1993 426 2048 (Frisiorum
468 1993 622 2048 legati)
666 1995 775 2035 dum
818 1994 916 2036 aliis
949 1995 1065 2035 curis
1098 1994 1325 2035 intentum
1362 1994 1593 2034 Neronem
1627 1975 1707 2046 op-

101 2073 351 2128 periuntur,
378 2074 496 2115 inter
522 2088 589 2124 ea,
618 2088 734 2129 quae
763 2074 966 2116 barbaris
995 2079 1296 2123 ostentantur,
1324 2075 1550 2115 intravere
1576 2073 1705 2113 Pom-

103 2154 178 2209 pei
219 2153 462 2204 theatrum,
506 2168 598 2208 quo
642 2155 1004 2210 magnitudinem
1047 2154 1203 2209 populi
1246 2154 1458 2195 viserent.
1497 2152 1593 2194 Illic
1627 2166 1707 2206 per

105 2234 250 2275 otium
293 2234 457 2289 (neque
500 2235 622 2276 enim
665 2235 848 2276 ludicris
880 2235 1022 2288 ignari
1059 2234 1424 2288 oblectabantur)
1458 2234 1566 2275 dum
1600 2246 1706 2274 con-

104 2327 276 2356 sessum
319 2329 500 2365 caveae,
545 2316 805 2357 discrimina
839 2316 1062 2364 ordinum,
1096 2316 1196 2369 quis
1228 2329 1380 2369 eques,
1415 2315 1491 2356 ubi
1524 2319 1707 2355 senatus

103 2400 443 2448 percontantur,
486 2396 725 2437 advertere
768 2396 991 2448 quosdam
1035 2395 1156 2436 cultu
1201 2401 1391 2436 externo
1434 2395 1480 2435 in
1522 2395 1706 2435 sedibus

101 2479 386 2524 senatorum
415 2480 463 2516 et
489 2475 675 2529 quinam
703 2474 866 2524 forent,
884 2475 1156 2528 rogitantes,
1176 2481 1420 2528 postquam
1437 2475 1706 2515 audiverant

102 2568 256 2596 earum
305 2556 510 2610 gentium
556 2555 717 2610 legatis
760 2555 805 2597 id
848 2554 1033 2596 honoris
1076 2555 1248 2604 datum,
1292 2568 1409 2608 quae
1451 2555 1618 2595 virtute
1659 2559 1704 2595 et

102 2625 301 2676 amicitia
345 2635 554 2676 Romana
597 2634 938 2689 praecellerent,
982 2634 1128 2675 nullos
1170 2633 1428 2675 mortalium
1459 2634 1594 2675 armis
1626 2639 1705 2675 aut

158 2852 193 2898 1)
217 2853 259 2885 In
284 2853 364 2897 ipso
391 2852 631 2896 „Palamedis”
659 2853 778 2885 initio:

464 2911 538 2943 Het
564 2911 781 2953 wispelturig
806 2910 902 2954 volk,
928 2910 987 2942 dat
1012 2911 1045 2943 al
1071 2915 1105 2943 te
1130 2911 1183 2943 los
1209 2922 1277 2943 van
1302 2911 1411 2944 hoofd

467 2991 939 3002 ..............
965 2968 990 3000 ’t
1004 2973 1117 3011 ergste
1142 2968 1237 3001 liefst
1261 2969 1405 3011 gelooft.
