2040 3412
846 303 912 348 97·

18 471 22 477 '
139 413 197 457 A.
226 413 354 463 XVI,
389 425 454 465 14.
482 412 710 454 Antistius
738 411 843 453 exul
870 411 1092 453 Anteium
1115 400 1169 453 et*
1183 410 1415 454 Ostorium
1439 411 1682 467 Scapulam

18 537 34 550 3„
78 494 250 538 indicat
282 499 517 548 tamquam
550 506 621 534 res
653 506 794 534 novas
823 492 1005 534 molitos
1032 493 1077 533 in
1106 506 1250 547 eaque
1276 506 1323 534 re
1349 492 1682 535 Chaldaeorum

19 576 30 632 j
78 588 183 618 usos
215 579 335 617 arte:

16 713 18 715 .
144 654 241 710 „Ac
273 654 459 708 vulgato
491 653 587 695 eius
619 653 787 694 indicio
814 653 933 694 inter
960 653 1202 695 damnatos
1230 654 1373 708 magis
1401 668 1538 709 quam
1567 655 1684 696 inter

17 733 20 734 ⁷
78 749 180 779 reos
220 734 416 777 Anteius
460 733 759 788 Ostoriusque
790 733 1091 783 habebantur,
1124 734 1241 775 adeo
1275 740 1325 775 ut
1357 740 1684 776 testamentum

77 817 220 860 Antei
253 829 388 858 nemo
422 815 698 869 obsignaret‚
732 814 815 855 nisi
849 814 1099 868 Tigellinus
1125 820 1285 855 auctor
1313 816 1562 857 exstitisset
1591 829 1684 857 mo-

9 895 19 955 ‘s
77 898 176 940 nito
207 897 330 953 prius
362 895 534 938 Anteio
567 908 624 936 ne
657 908 891 949 supremas
924 875 1103 936 tabulas
1138 896 1434 937 moraretur.”

137 977 310 1020 Monito
334 982 458 1018 certa
484 981 553 1017 est
577 974 823 1029 Agricolae
841 976 1103 1016 emendatio
1121 990 1203 1030 pro
1222 959 1424 1018 monitus.
1444 976 1686 1031 Quaeritur

78 1071 188 1113 ergo
233 1071 325 1112 quo
368 1057 507 1098 modo
550 1055 675 1097 illum
720 1061 893 1097 metum
931 1043 1074 1097 Antei
1108 1055 1402 1098 familiaribus
1434 1057 1685 1111 Tigellinus

78 1138 316 1181 ademerit.
335 1137 605 1192 Respondet
624 1137 952 1191 Nipperdeius:
977 1137 1234 1189 „monendo
1245 1136 1418 1178 Anteio
1433 1151 1488 1178 ne
1502 1152 1534 1178 s.
1548 1143 1581 1178 t.
1597 1136 1685 1178 m.”

6 1211 18 1266 ζ’
78 1218 146 1260 At
170 1218 368 1274 primum
393 1216 754 1272 quotusquisque
777 1230 936 1258 eorum
961 1217 1006 1257 id
1030 1217 1265 1258 auditurus
1291 1216 1413 1258 erat?
1439 1218 1541 1259 Hoc
1564 1218 1686 1259 enim

79 1299 331 1349 consilium,
375 1303 424 1340 ut
466 1298 644 1352 opinor,
688 1297 810 1339 solus
852 1297 934 1338 soli
974 1297 1224 1351 Tigellinus
1264 1298 1404 1339 dedit.
1446 1297 1536 1340 Sed
1576 1299 1685 1352 quid

79 1379 250 1423 multa?
283 1379 450 1422 Nonne
482 1379 567 1434 ipsi
601 1379 799 1419 sermoni
835 1379 1001 1419 Latino
1035 1384 1193 1433 aperte
1228 1379 1319 1420 vim
1353 1379 1541 1420 facimus
1568 1393 1686 1429 cum,

12 1478 14 1480 ’
79 1460 294 1516 legentes·
317 1461 374 1502 de
407 1473 462 1501 eo
497 1459 573 1513 qui
607 1458 848 1513 obsignare
877 1459 1137 1500 nolentibus
1164 1467 1320 1501 auctor
1346 1461 1529 1509 exstitit,
1559 1461 1689 1514 quid-

8 1586 19 1599 ,ζ
80 1554 218 1596 quam
251 1539 374 1582 aliud
406 1553 510 1581 eum
540 1538 698 1580 fecisse
726 1539 992 1580 coniicimus
1020 1553 1156 1593 quam
1177 1540 1382 1594 primum
1407 1540 1688 1594 obsignasse?

0 1653 10 1667 i
81 1620 245 1664 Cetera
282 1634 401 1662 nunc
433 1625 598 1675 sponte
631 1625 895 1673 sequuntur,
929 1625 975 1661 et
1007 1620 1148 1661 totius
1180 1619 1267 1660 loci
1302 1619 1374 1661 hic
1406 1633 1562 1661 sensus
1596 1625 1688 1661 est:

0 1726 9 1738 ι
87 1701 352 1756 „obsignare
384 1700 474 1742 iam
507 1699 650 1741 Antei
682 1705 1012 1740 testamentum
1044 1699 1244 1740 audebat
1277 1713 1426 1749 nemo,
1457 1713 1564 1754 ergo
1592 1701 1689 1754 ipse

56 1792 59 1795 '
82 1780 332 1837 Tigellinus
358 1781 554 1836 primum
583 1780 742 1821 mortis
769 1779 1090 1821 necessitatem
1118 1779 1283 1820 misero
1307 1779 1479 1820 homini
1503 1780 1687 1830 indixit;

11 1871 16 1922 ζ
83 1862 161 1917 qui
188 1875 292 1904 cum
318 1861 404 1903 hac
431 1875 479 1903 re
507 1861 663 1902 audita
685 1866 1013 1902 testamentum
1036 1860 1229 1910 fecisset,
1254 1860 1505 1914 Tigellinus
1527 1861 1690 1902 ceteris

12 1946 19 1990 ζ
83 1942 355 1997 obsignandi
383 1942 554 1983 exemit
580 1940 841 1995 scrupulum
865 1941 975 1982 dum
999 1941 1170 1994 primus
1187 1941 1391 1982 omnium
1410 1940 1517 1982 facit
1535 1940 1690 1981 illud.”

85 2024 218 2066 Nunc
250 2024 449 2074 demum,
483 2023 530 2065 id
562 2023 686 2077 quod
720 2027 843 2063 recte
877 2022 1123 2063 Furneaux
1155 2022 1383 2072 observat,
1403 2023 1541 2077 prius
1567 2028 1690 2063 recte

85 2104 159 2146 hic
192 2104 391 2159 ponitur.

146 2184 205 2226 H.
239 2184 274 2234 Ι,
314 2195 378 2239 17.
418 2184 531 2239 (Iam
564 2184 775 2224 Pisonem
809 2183 1050 2238 adoptavit
1083 2182 1243 2232 Galba,
1277 2187 1322 2223 et
1356 2188 1459 2236 post
1492 2183 1690 2236 aliquam

7 2247 20 2264 μ’
85 2264 465 2306 deliberationem
492 2253 728 2306 decretum
753 2269 821 2304 est
847 2269 896 2304 ut
921 2263 965 2304 in
992 2264 1148 2304 castris
1175 2263 1413 2317 praetoriis
1431 2277 1484 2304 ea
1501 2264 1692 2318 adoptio

19 2329 23 2378 }
87 2345 460 2399 nuncuparetur):

161 2425 558 2479 „Circumsteterat
580 2425 762 2466 interim
781 2424 1002 2465 Palatium
1021 2423 1204 2477 publica
1222 2424 1520 2477 exspectatio,
1540 2424 1692 2477 magni

90 2506 253 2547 secreti
286 2503 578 2560 impatiens.'’

150 2584 197 2627 Si
244 2585 345 2639 quis
393 2585 571 2639 quaerit
618 2585 741 2639 quod
789 2585 847 2626 sit
889 2598 1100 2639 magnum
1145 2582 1253 2624 illud
1296 2591 1523 2633 secretum,
1569 2585 1692 2637 quod

3 2707 11 2717 ,.
89 2664 299 2707 homines
338 2670 580 2719 tantopere
622 2678 897 2718 cognoscere
940 2663 1149 2717 gestiant,
1193 2664 1237 2704 in
1278 2669 1493 2718 promptu
1528 2669 1595 2704 est
1629 2677 1694 2705 re-

1 2779 14 2804 ψ.»
90 2746 341 2800 spondere:
386 2746 508 2799 ,ipsa
540 2745 730 2799 adoptio
764 2744 832 2785 his
865 2744 1098 2786 vocabulis
1132 2743 1424 2797 significatur,
1458 2744 1695 2798 plebecula

91 2825 213 2867 enim
255 2839 347 2866 non
389 2824 596 2866 adfuerat
639 2825 834 2865 comitiis
877 2823 962 2864 illis
994 2823 1185 2878 imperii,
1220 2837 1335 2877 quae
1369 2837 1406 2865 c.
1448 2836 1499 2876 14
1531 2825 1696 2866 descri-

92 2904 273 2955 buntur,
311 2919 419 2960 ergo
456 2918 574 2946 nunc
607 2906 770 2946 ardent
802 2905 953 2945 studio
986 2904 1201 2945 audiendi
1235 2917 1371 2957 quem
1404 2904 1489 2945 sibi
1523 2918 1696 2946 succes-

92 2999 240 3028 sorem
269 2986 416 3028 Galba
443 2984 674 3039 elegerit.’'
703 2984 769 3026 At
796 2986 892 3039 ipse
919 2985 1105 3026 Tacitus
1126 2984 1213 3026 hoc
1237 2998 1503 3039 responsum
1533 2986 1698 3027 refutat

1486 3074 1504 3107 7
