2040 3412
1085 290 1165 359 1‘42

323 426 368 467 in
396 439 477 467 sex
504 425 728 480 prioribus
756 425 1004 468 Annalium
1032 426 1216 481 libris”),
1239 426 1297 468 ab
1314 426 1605 468 adolescente
1622 420 1959 481 conscriptu35s

287 515 290 518 ’
326 506 468 547 multa
508 505 648 547 habet
688 506 944 547 acutissime
987 506 1427 568 prudentissimeque
1459 507 1713 556 observata,
1745 500 1971 560 paucis-³.f

324 586 436 627 sima
469 599 592 636 vero,
625 591 674 627 ut
705 599 791 640 ego
823 586 997 640 opinor,
1031 599 1224 640 quorum
1256 599 1376 627 nunc
1407 585 1566 636 virum,
1594 585 1758 640 insigni
1783 584 1918 628 laude
1942 585 1978 651 ᾗ,

325 665 634 720 conspicuum,
677 666 849 720 pudeat
892 666 1198 720 poeniteatve.
1242 664 1347 716 Sed,
1385 666 1509 720 quod
1541 666 1812 730 plerumque
1839 662 1983 724 nos-2}

327 747 535 787 stratium
578 746 968 788 lucubrationibus
1008 747 1189 796 accidit,
1230 747 1276 788 id
1310 747 1523 788 Karsteni
1555 760 1738 802 quoque
1769 731 1990 806 libellos

325 827 530 867 evenisse
571 826 773 867 videtur:
819 840 954 868 nemo
996 827 1086 868 iam
1119 826 1244 868 illum
1276 827 1474 881 respicit.
1509 826 1642 868 Felix
1673 826 1796 883 quod
1829 827 1988 891 non-35

326 929 380 936 —-
417 919 523 948 nam
565 906 610 947 id
653 919 835 960 quoque
879 920 1015 961 saepe
1043 906 1138 948 fieri
1171 907 1390 961 videmus,
1424 920 1526 948 cum
1561 911 1742 948 nostrae
1771 888 1991 970 ςεητὶεἷξς

326 985 487 1040 aliquis
518 1000 573 1027 ea
604 986 649 1027 in
682 987 882 1028 medium
915 986 1117 1041 protulit,
1151 999 1268 1041 quae
1301 999 1448 1040 neque
1481 987 1527 1028 in
1555 986 1743 1028 dubium
1769 985 1926 1029 vocari
1955 990 1990 1063 ὲ

327 1067 502 1120 possint
533 1071 579 1107 et
612 1067 857 1108 maximam
889 1066 1089 1108 habeant
1122 1066 1366 1108 utilitatem
1398 1090 1456 1097 —
1488 1072 1592 1121 post
1624 1080 1728 1109 eum
1759 1066 1985 1123 aliquis-'²2-

327 1147 515 1196 exstitit,
558 1147 634 1200 qui
678 1146 813 1201 plane
849 1147 972 1188 idem
1005 1147 1190 1188 doceret
1223 1179 1352 1188 .....
1385 1153 1432 1189 et
1463 1147 1656 1202 posthac
1686 1153 1921 1203 tamquam

328 1229 404 1282 qui
436 1228 613 1282 primus
643 1227 753 1269 illud
788 1228 1016 1269 docuisset
1048 1227 1184 1282 vulgo
1216 1241 1243 1269 a
1273 1228 1379 1269 viris
1411 1228 1558 1270 doctis
1589 1228 1817 1271 citaretur.
1849 1215 1924 1273 De

328 1307 417 1349 fide
460 1321 569 1361 ergo
611 1307 759 1348 Taciti
799 1307 1008 1349 scribitur
1049 1308 1410 1362 disputaturque‚
1442 1314 1676 1364 tamquam
1707 1309 1744 1351 si
1775 1294 1989 1353 nullus-21

327 1401 528 1442 unquam
562 1387 812 1429 Karstenus
845 1387 1044 1429 vixisset.
1079 1387 1206 1442 Quae
1240 1401 1310 1430 res
1336 1401 1439 1430 cum
1467 1388 1578 1430 mihi
1603 1402 1784 1444 semper
1799 1378 1998 1447 'indi-„317

330 1468 545 1522 gnissima
573 1468 668 1508 visa
694 1468 766 1517 sit,
794 1468 851 1509 ad
881 1468 1002 1509 idem
1030 1467 1241 1523 delapsus
1268 1473 1587 1522 argumentum
1612 1468 1926 1513 lubentissime

330 1547 414 1589 hac
445 1553 549 1588 utor
581 1547 819 1588 occasione
853 1547 947 1588 eius
979 1546 1194 1588 laudandi
1225 1547 1320 1596 viri,
1351 1548 1428 1602 qui
1455 1553 1562 1589 ante
1590 1547 1757 1591 multos
1782 1556 1938 1599 annosi

331 1627 673 1682 diligentissime
707 1607 1059 1682 doctissimeque
1092 1626 1200 1668 illud
1233 1627 1461 1669 tractavit.
1965 1618 1983 1693 ἶ

390 1707 612 1749 Dicebam
655 1712 807 1748 autem
851 1720 954 1748 cum
995 1706 1093 1748 aliis
1135 1707 1269 1748 rebus
1310 1707 1398 1749 hoc
1431 1721 1612 1763 quoque
1644 1708 1708 1763 (et
1736 1700 1928 1752 fortasse

334 1787 446 1841 „hoc
478 1786 773 1842 praesertim”
807 1787 1051 1828 dicendum
1085 1787 1196 1842 erat)
1230 1787 1460 1829 obstitisse
1489 1788 1731 1842 quominus
1755 1786 1928 1844 aequus

329 1874 448 1910 esset
492 1869 549 1910 de
590 1868 775 1910 Tiberio
818 1868 957 1909 iudex
1000 1868 1198 1919 Tacitus,
1241 1869 1365 1923 quod
1408 1869 1465 1910 de
1507 1869 1692 1912 Tiberio
1724 1870 1927 1913 scribens

331 1948 645 1990 Domitianum
687 1953 794 1989 ante
836 1947 991 1989 oculos
1023 1947 1225 1998 haberet,
1260 1954 1306 1989 et
1337 1948 1422 1990 sibi
1453 1949 1542 1991 iam
1574 1949 1633 1991 ab
1664 1950 1794 1992 initio
1826 1961 1926 2006 per-

332 2028 544 2070 suasisset
592 2041 750 2082 parum
797 2028 1014 2069 interesse
1062 2033 1211 2069 utrum
1253 2027 1415 2082 aliquis
1456 2029 1513 2070 de
1555 2029 1726 2071 Tiberii
1767 2030 1926 2074 an'de

335 2108 585 2149 Domitiani
631 2107 822 2162 imperio
869 2108 1158 2149 edoceretur:
1206 2108 1436 2162 utriusque
1479 2108 1601 2150 enim
1642 2108 1973 2164 imperatoris

334 2187 527 2229 eandem
559 2187 693 2229 fuisse
721 2188 1008 2242 pravitatem.
1037 2187 1170 2229 Nunc
1197 2188 1396 2243 singulos
1423 2190 1646 2257 quosdam
1673 2189 1941 2233 considere-¹
1943 2176 1996 2226 2³⁸

335 2281 434 2308 mus
475 2267 612 2317 locos,
657 2267 820 2321 quibus
860 2267 1064 2321 iniquum
1107 2267 1291 2322 aliquod
1335 2269 1392 2311 de
1424 2252 1609 2311 Tiberio
1642 2270 1958 2318 contineatur

333 2348 563 2389 iudicium.
606 2348 767 2397 Pauca,
811 2353 880 2388 sat
921 2348 1028 2397 scio,
1072 2347 1312 2402 proferam,
1356 2363 1473 2403 quae
1515 2364 1605 2392 non
1641 2364 1668 2392 a
1700 2350 1969 2395 Karsteno
1964 2383 1999 2409 ,Σ

334 2428 457 2469 dicta
499 2432 616 2476 sunt,
661 2428 740 2468 sed
785 2426 973 2468 fortasse
1015 2428 1253 2481 quaedam,
1288 2429 1345 2470 ad
1378 2428 1495 2471 hanc
1526 2435 1732 2485 spectata
1762 2430 1967 2509 lucem·5
1959 2411 1995 2490 ᾗ

335 2508 493 2549 melius
525 2508 826 2562 apparebunt.

394 2588 453 2629 A.
488 2589 521 2638 Ι,
556 2599 624 2643 73.
669 2588 740 2629 De
782 2601 902 2628 novo
944 2587 1180 2629 criminum
1222 2601 1400 2643 genere,
1445 2591 1568 2644 quod
1599 2595 1697 2658 tum
1729 2591 1974 2650 prlmum

335 2668 573 2718 exstiterit,
608 2668 720 2709 haec
754 2672 1013 2708 narrantur:

398 2747 613 2800 „Falanio
645 2747 875 2807 obiciebat
908 2753 1156 2797 accusator,
1190 2749 1312 2802 quod
1346 2749 1462 2791 inter
1494 2749 1689 2792 cultores
1714 2724 1997 2807 Augusti,

336 2827 412 2880 qui
456 2841 536 2881 per
578 2836 735 2868 omnes
778 2828 939 2868 domos
981 2828 1026 2868 in
1071 2828 1256 2869 modum
1299 2829 1591 2884 collegiorum
1628 2816 1989 2899 habebantur&

337 2986 552 3040 quodque
589 2987 785 3028 venditis
817 2986 958 3028 hortis
990 2992 1200 3028 statuam
1221 2987 1414 3045 Augusti
1447 2990 1578 3032 simul
1611 2991 1955 3047 mancipasse&
1950 2968 1980 3054 {J
