2040 3412
890 275 940 319 ¹7

106 384 257 427 verbis
299 385 357 426 ad
401 384 808 426 demonstrandum
853 398 943 426 non
987 384 1133 426 solum
1178 385 1286 439 quid
1331 390 1482 426 narret
1514 385 1716 434 Tacitus,

105 465 187 509 sed
220 465 360 507 etiam
394 465 503 519 quid
537 478 695 506 revera
722 464 891 506 factum
920 462 1142 519 sit‚‘quod
1171 465 1230 506 ab
1258 464 1347 515 illo,
1378 465 1487 506 dum
1515 478 1716 506 commo-

107 545 243 588 vendi
286 545 421 587 nimis
462 544 668 599 indulget
709 545 875 595 studio,
910 546 1173 600 corruptum
1206 546 1262 586 sit
1296 551 1433 599 atque
1468 546 1716 587 detortum.

40 603 90 615 ι’
168 625 353 668 Initium
387 625 548 667 faciam
580 625 639 666 ab
672 638 728 666 eo
762 625 983 666 veneficio
1017 639 1108 680 quo
1141 626 1198 666 de
1233 626 1385 667 medio
1418 625 1621 667 sublatus
1649 631 1716 666 est

106 705 334 751 Claudius.
379 705 467 747 Hic
510 719 693 760 quoque
735 705 861 747 locus
904 699 1101 747 tractari
1132 712 1255 747 recte
1299 720 1390 748 non
1435 712 1586 760 potest
1631 706 1716 747 nisi

31 773 64 806 ⁷⁵²
104 799 393 829 removemus
434 785 610 835 vitium,
653 785 776 840 quod
819 799 1010 840 pravum
1051 786 1328 827 emendandi
1361 787 1563 828 studium
1598 786 1717 827 ultro

29 861 74 917 ξζ
105 867 295 909 invexit.
331 866 519 920 Legitur
550 865 677 907 locus
710 866 834 908 Ann.
870 866 974 907 XII.
1010 867 1091 921 67:

165 947 425 1003 (scriptores
464 952 724 1002 temporum
767 946 945 989 illorum
986 947 1301 1002 prodiderunt)
1336 947 1532 988 infusum
1566 948 1714 990 delec-

103 1023 235 1071 tabili
267 1027 372 1070 cibo
394 1027 423 1083 ¹)
458 1041 699 1081 venenum,
734 1041 817 1070 nec
852 1028 944 1069 vim
978 1028 1293 1069 medicaminis
1326 1028 1480 1069 statim
1515 1027 1717 1069 intellec-

107 1113 204 1151 tam
243 1109 513 1153 socordiane
555 1122 612 1150 an
657 1108 833 1150 Claudii
851 1107 896 1163 2)¹
920 1108 1202 1158 [vinolentia;
1249 1108 1380 1150 simul
1413 1108 1560 1150 soluta
1592 1109 1719 1150 alvus

43 1197 52 1203 ““
78 1232 81 1242 ,
107 1188 372 1231 subvenisse
414 1188 670 1230 videbatur.
714 1189 857 1243 Igitur
896 1189 1114 1230 exterrita
1146 1189 1419 1244 Agrippina,
1455 1195 1500 1230 et
1534 1190 1719 1243 quando

106 1269 268 1312 ultima
297 1270 591 1321 timebantur,
625 1275 780 1325 spreta
812 1271 1118 1325 praesentium
1152 1270 1336 1320 invidia,
1370 1271 1600 1325 provisam
1629 1271 1718 1311 iam

107 1350 192 1393 sibi
237 1350 511 1392 Xenocratis
554 1351 718 1392 medici
752 1351 1081 1392 conscientiam
1113 1350 1318 1394 adhibet.
1354 1350 1449 1400 Ille,
1483 1356 1719 1405 tamquam

110 1431 232 1473 nisus
283 1431 539 1473 evomentis
588 1431 838 1481 adiuvaret,
890 1432 1077 1486 pinnam
1126 1432 1287 1486 rapido
1336 1445 1515 1473 veneno
1561 1431 1720 1473 illitam

112 1506 318 1555 faucibus
350 1512 446 1553 eius
479 1512 714 1553 demisisse
747 1512 949 1553 creditur
983 1526 1020 1553 e.
1041 1526 1085 1566 q.
1105 1525 1138 1552 s.

170 1587 438 1651 Admodum
486 1592 697 1634 intricata
740 1597 808 1633 est
854 1592 1075 1642 narratio;
1121 1592 1280 1633 videor
1322 1597 1475 1633 tamen
1521 1592 1629 1633 mihi
1673 1606 1721 1633 re

109 1673 273 1715 iterum
305 1674 560 1728 iterumque
594 1673 832 1728 explorata
865 1673 1057 1714 tandem*
1087 1674 1387 1728 perspexisse,
1421 1674 1456 1714 si
1492 1687 1582 1715 non
1611 1674 1720 1727 quid

101 1753 297 1796 Tacitus
323 1754 501 1804 doceat,
532 1760 578 1796 at
606 1760 729 1795 certe
757 1754 866 1808 quid
895 1753 1070 1795 consilii
1100 1754 1157 1794 ab
1187 1753 1445 1808 Agrippina
1468 1755 1526 1794 sit
1544 1754 1719 1795 initum.

112 1834 311 1877 Primum
354 1835 462 1878 lenti
502 1835 665 1876 veneni
709 1834 879 1876 factum
919 1840 985 1876 est
1018 1834 1282 1888 periculum,
1317 1835 1398 1875 sed
1431 1835 1495 1875 ita
1527 1834 1637 1875 lenti
1671 1840 1720 1875 ut

111 1915 180 1957 vis
221 1915 317 1957 eius
356 1916 510 1957 statim
554 1916 597 1970 (i.
631 1928 669 1956 e.
703 1915 748 1956 in
781 1916 879 1969 ipsa
912 1914 1072 1968 coena)
1107 1920 1261 1969 posset
1296 1914 1494 1969 intellegi
1525 1914 1722 1968 (novicio

113 1995 337 2038 vocabulo
369 2003 661 2037 constateeren
694 1995 804 2036 illud
839 1995 1030 2036 verbum
1065 2000 1132 2036 est
1167 1994 1467 2048 vertendum).
1499 1993 1723 2048 Sperabat

10 2058 44 2134 ¹⁷ss
112 2089 278 2131 nempe
307 2075 564 2130 Agrippina
592 2076 778 2129 eiusque
808 2075 1013 2116 minister
1041 2074 1331 2128 consopitum
1360 2074 1411 2114 iri
1439 2073 1516 2114 illo
1545 2087 1723 2114 veneno

41 2157 45 2159 ’
114 2156 366 2206 Claudium,
401 2156 472 2198 vel
505 2155 810 2210 collapsurum
843 2169 964 2206 esse;
995 2168 1086 2209 quo
1116 2154 1237 2196 facto
1266 2155 1310 2195 in
1339 2154 1596 2195 cubiculum
1626 2168 1724 2208 per-

112 2236 326 2279 ferendus
368 2242 487 2278 esset
530 2236 616 2286 ille,
653 2237 729 2278 ubi
764 2236 1015 2290 exspiraret
1050 2249 1199 2289 neque
1234 2234 1341 2276 dolo
1375 2235 1432 2276 ab
1466 2234 1562 2275 aliis
1595 2234 1724 2275 intel-

113 2317 234 2360 lecto
266 2330 416 2372 neque
448 2316 663 2358 facultate
697 2316 888 2358 Claudio
923 2317 1031 2357 data
1063 2316 1121 2356 ad
1151 2329 1353 2356 amorem
1382 2315 1460 2355 filii
1490 2315 1723 2356 redeundi.

116 2397 355 2439 Praeterea
385 2398 449 2439 sic
482 2398 713 2440 vitabatur
744 2398 916 2439 invidia
935 2397 1255 2452 praesentium,
1287 2409 1423 2449 quam
1454 2395 1723 2449 Agrippina,

116 2491 219 2520 cum
251 2491 322 2520 res
353 2478 484 2519 aliter
516 2478 767 2527 cecidisset,
803 2477 1063 2532 spernebat.
1093 2476 1157 2517 At
1185 2476 1294 2530 quid
1324 2474 1402 2516 fit?
1432 2474 1623 2530 Sperata
1651 2475 1726 2516 illa

116 2542 184 2600 vis
214 2572 298 2601 non
330 2558 613 2614 intelligitur,
647 2559 743 2599 sive
778 2558 901 2612 quod
936 2557 1155 2606 convivae,
1191 2556 1267 2610 qui
1302 2555 1587 2610 Agrippinae
1621 2569 1726 2596 con-

104 2627 202 2685 'silii
229 2638 356 2680 inscii
384 2644 526 2688 erant,
554 2639 754 2680 socordes
781 2643 885 2679 sunt
912 2643 957 2679 et
986 2637 1095 2678 nihil
1117 2637 1286 2685 vident,
1307 2636 1401 2677 sive
1419 2636 1542 2690 quod
1562 2641 1725 2690 putant
1757 2662 1769 2675 .

170 2781 204 2826 1)
229 2781 286 2814 Sic
320 2790 407 2844 {520
417 2779 534 2823 legere
566 2780 685 2837 malim
720 2790 825 2822 quam
859 2780 976 2812 boleto.
1012 2780 1053 2811 In
1080 2779 1200 2812 codice
1227 2784 1279 2811 est
1306 2779 1375 2811 cibo
1401 2779 1480 2822 leto,
1505 2777 1598 2810 haud
1621 2777 1727 2809 dubie

116 2856 237 2885 natum
264 2861 301 2885 e:
328 2852 408 2884 cibo.

166 2910 204 2954 2)
229 2911 272 2942 In
305 2909 426 2943 codice
460 2914 512 2941 est
545 2909 744 2941 socordiane
775 2920 821 2941 an
850 2908 994 2940 Claudii
1018 2907 1056 2939 vi
1081 2919 1127 2940 an
1154 2908 1359 2940 vinolentia.
1386 2908 1463 2950 Ego
1486 2906 1726 2940 tantummodo

120 2967 394 3011 dittographiam
408 2969 446 3001 vi
457 2981 504 3002 an
520 2969 618 3013 tollo,
631 2979 704 3001 non
718 2974 797 3001 utor
806 2968 1096 3011 transpositione:
1110 2968 1308 3000 socordiane
1319 2968 1463 3000 Claudii
1470 2979 1516 3000 an
1527 2967 1730 2999 vinolentia.

1517 3044 1536 3068 2
