2040 3412
895 978 977 1020 IV.

192 1126 326 1169 Nunc
353 1141 493 1169 unum
519 1127 804 1183 alterumque
831 1126 983 1176 locussrn
1011 1132 1237 1182 indicabo,
1265 1132 1342 1173 ubi
1361 1133 1580 1174 hactenus
1598 1126 1736 1174 unum

74 1218 81 1232 ·’
129 1207 404 1250 vocabulum
432 1222 523 1250 non
553 1210 661 1251 satis
689 1217 898 1252 accurate
927 1218 1167 1266 acceptum
1198 1213 1418 1262 videatur,
1448 1227 1539 1267 quo
1566 1213 1736 1255 factum

129 1288 189 1330 sit
220 1294 270 1330 ut
301 1293 401 1330 tota
432 1288 520 1330 loci
552 1290 870 1345 interpretatio
903 1281 1064 1333 vitium
1098 1293 1374 1347 conciperet.

190 1369 278 1411 Hic
321 1369 431 1411 mihi
474 1370 796 1424 disputationis
837 1386 965 1413 meae
1008 1373 1186 1414 initium
1220 1373 1412 1427 praebet
1445 1374 1519 1414 Fr.
1554 1373 1733 1423 Pollius,

129 1449 207 1504 qui
249 1450 517 1491 suavissimo
561 1451 918 1506 doctissimoque
950 1452 1105 1494 libello
1139 1467 1255 1507 quae
1286 1454 1376 1494 sint
1409 1453 1531 1507 vulgi
1566 1454 1622 1495 de
1656 1454 1735 1495 lin-

129 1542 246 1584 guae
289 1530 465 1571 ratione
498 1531 738 1585 opiniones
759 1530 786 1586 ¹)
821 1532 971 1573 docet.
1008 1533 1050 1574 Is
1083 1534 1203 1575 enim
1237 1534 1299 1575 ibi
1333 1534 1450 1575 inter
1482 1548 1529 1575 se
1563 1533 1738 1575 confert

23 1660 31 1671 „
133 1609 360 1652 Herodoti
391 1609 542 1652 locum
577 1611 629 1652 L.
660 1611 789 1662 VIII,
819 1625 856 1653 c.
893 1624 974 1665 140
1002 1619 1047 1654 et
1076 1614 1400 1655 Demosthenis
1428 1629 1470 1668 p.
1500 1615 1570 1664 68,
1600 1620 1738 1668 atque

16 1676 40 1744 ’.ᾔ
133 1689 192 1732 de
221 1688 308 1731 inis
339 1690 403 1732 sic
436 1691 664 1745 disputat:
917 1674 921 1678 ’
1054 1690 1057 1691 ’

26 1761 30 1769 ¹
71 1757 80 1762 ⁴
192 1769 433 1812 Herodoto
461 1777 648 1814 auctore
674 1772 941 1814 Alexander
966 1775 1162 1815 Macedo
1182 1775 1408 1817 Mardonii
1427 1776 1576 1817 verbis
1593 1775 1738 1816 Athe-

131 1849 362 1892 niensibus
393 1856 572 1893 tantum
606 1866 698 1893 non
731 1854 826 1894 auri
861 1860 1040 1911 montes
1069 1854 1308 1909 pollicetur
1336 1856 1588 1898 dummodo
1617 1869 1738 1896 com-

132 1926 318 1971 munem
335 1930 551 1972 Graeciae
570 1945 751 1974 causam
769 1934 985 1975 omittant
1004 1935 1212 1989 regisque
1231 1936 1467 1977 Persarum
1485 1936 1597 1977 fiant
1613 1936 1737 1977 socii.

192 2009 259 2052 At
292 2011 629 2053 Demosthenes
661 2012 773 2054 haec
806 2013 968 2054 habet:

193 2088 368 2142 εὑρίσκει
417 2090 501 2143 γὰρ
544 2092 811 2147 (Philippus)
852 2092 945 2139 τοὺς
989 2095 1065 2144 μὲν
1107 2094 1324 2147 ὑμετέρους
1367 2095 1603 2147 προγόνους,
1648 2096 1735 2146 ἐξὸν

133 2170 275 2217 αὐτοῖς
303 2173 383 2213 τῶν
411 2175 563 2214 λοιπῶν
591 2170 739 2225 ἄρχειν
764 2172 974 2218 Ἑλλήνων
1001 2172 1098 2215 ὥστ’
1125 2176 1276 2222 αὐτοὺς
1303 2175 1523 2232 ὑπζοικούειν
1541 2177 1734 2226 βασιλεῖ,

133 2250 176 2292 οὐ
210 2249 333 2301 μόνον
365 2252 436 2294 οὐκ
465 2251 783 2304 ἀνασχομένους
815 2254 882 2295 τὸν
913 2253 1038 2304 λόγον
1066 2258 1224 2302 τοῦτον,
1256 2255 1357 2303 ἡνίκ’
1386 2252 1503 2303 ἦλθεν
1533 2256 1736 2306 Ἀλέξαν-

133 2330 221 2384 δρος
253 2331 271 2373 ὃ
306 2330 461 2374 τούτων
495 2333 564 2388 (L.
598 2332 761 2388 τούτου)
796 2331 989 2386 πρόγονος
1025 2334 1115 2387 περὶ
1149 2335 1304 2377 τούτων
1338 2337 1464 2387 κήρυὲ
1497 2337 1583 2379 κτὲ.

198 2412 462 2466 „Traditum
494 2419 563 2455 est
591 2415 649 2456 ab
677 2414 923 2456 historico”
953 2415 1119 2457 Pollius
1145 2417 1208 2458 ait
1241 2418 1480 2471 „petivisse
1506 2419 1564 2459 ab
1593 2419 1736 2460 Athe-

132 2493 363 2535 niensibus
395 2493 712 2535 Alexandrum
745 2501 794 2536 ut
827 2493 945 2549 regis
977 2482 1142 2537 fierent
1162 2497 1269 2538 socz'z'
1293 2497 1441 2548 lz'berz‘;
1471 2504 1518 2539 at
1546 2499 1736 2540 Demos-

131 2573 294 2615 thenes
340 2573 473 2616 finxit
519 2589 684 2629 aquam
733 2581 991 2629 terramque
1036 2577 1286 2630 postulasse
1331 2592 1434 2619 eum
1478 2585 1524 2620 et
1556 2580 1736 2634 plenam

55 2646 58 2647 ⁷
123 2655 462 2709 perfectamque
487 2655 760 2696 deditionem.
791 2656 983 2705 Revera,
1012 2656 1047 2696 si
1074 2656 1244 2711 logices
1262 2657 1482 2700 habemus
1500 2660 1737 2710 rationem,

131 2733 196 2774 sic
239 2733 336 2788 ipse
378 2734 716 2775 Demosthenes
751 2735 843 2775 vim
877 2737 1131 2789 argumenti
1165 2738 1231 2778 sui
1264 2738 1475 2790 infirmat,
1511 2753 1614 2780 nam
1647 2754 1738 2794 quo

133 2813 280 2855 minus
326 2813 521 2855 odiosum
571 2813 704 2855 fuerit
751 2814 926 2868 antiqui
975 2814 1090 2856 illius
1134 2817 1400 2859 Macedonis
1444 2819 1738 2873 postulatum,

186 2978 220 3023 1)
246 2979 303 3011 Fr.
331 2974 441 3023 Peme,
467 2979 547 3011 Wie
573 2979 683 3012 denkt
708 2980 768 3012 das
795 2979 890 3011 Volk
916 2980 1001 3012 iiber
1027 2981 1083 3013 die
1110 2982 1285 3026 Sprache?
