2040 3412
860 278 948 348 77·

85 388 192 431 dem
219 389 259 430 ei
288 393 481 430 mortem
509 388 742 438 indictam,
771 389 899 430 facile
927 403 951 430 e
980 395 1131 432 cetera
1160 390 1430 441 narratione,
1454 391 1559 433 licet
1578 391 1687 433 illud

15 465 26 526 {-
84 468 264 510 disertis
306 467 456 510 verbis
498 468 671 509 dictum
715 482 806 510 non
848 470 918 518 sit,
961 470 1077 510 effici
1119 476 1284 524 potest.
1320 471 1371 512 In
1405 471 1494 512 fine
1528 472 1690 526 capitis

83 549 400 603 praecedentis
442 548 514 590 vel
557 548 667 590 illud
712 549 950 599 omittitur,
994 563 1083 604 qua
1127 564 1173 591 re
1218 550 1289 591 vel
1331 564 1422 605 quo
1467 553 1604 592 modo
1650 553 1689 593 ei

82 628 279 684 defensio
320 629 553 670 adimatur
597 628 924 684 (ademptaque
966 629 1271 684 defensione):
1317 637 1362 671 et
1404 637 1558 672 tamen
1602 632 1688 673 hoc

82 721 174 751 non
205 709 270 750 ita
302 708 431 750 facile
466 715 619 750 mente
653 709 879 763 suppleas.

143 789 201 831 H.
235 789 270 840 1,
305 790 375 843 36.
412 789 651 844 „Strepere
685 794 849 830 cuncta
881 789 1154 830 clamoribus
1189 790 1264 844 (sc.
1298 790 1342 831 in
1376 791 1532 831 castris
1561 805 1688 845 prae-

79 869 280 919 torianis,
325 870 401 911 ubi
445 869 860 924 Otho-imperator
901 869 1284 924 proclamabatur)
1326 876 1371 911 et
1411 871 1606 911 tumultu
1641 877 1687 912 et

79 949 399 992 exhortatione
433 957 601 1000 mutua,
637 964 727 992 non
760 956 996 1004 tamquam
1030 951 1074 991 in
1110 949 1281 1005 populo
1308 965 1360 992 ac
1390 951 1524 1006 plebe
1552 953 1686 993 variis

81 1030 209 1084 segni
237 1030 500 1072 adulatione
526 1031 728 1080 vocibus,
757 1031 836 1091 sed
866 1036 915 1072 ut
943 1031 1172 1085 quemque
1199 1031 1463 1072 affluentum
1494 1032 1686 1073 militum

82 1117 369 1166 aspexerant,
428 1125 642 1166 prensare
700 1111 921 1160 manibus,
981 1112 1206 1166 complecti
1257 1113 1416 1166 armis,
1465 1112 1688 1154 collocare

82 1190 210 1232 iuxta
241 1205 281 1233 e.
314 1205 358 1246 q.
390 1191 469 1233 s.'’.

143 1270 227 1312 Est
267 1272 453 1326 quidem
488 1271 624 1327 paulo
656 1272 925 1326 exquisitius
957 1271 1130 1312 dictum
1164 1272 1386 1326 complecti
1416 1274 1573 1322 armis,
1607 1274 1687 1314 sed

82 1365 174 1393 non
205 1357 300 1394 tarn
333 1353 525 1394 obscure
559 1358 608 1394 ut
641 1353 697 1394 ad
731 1353 1101 1407 desperationem
1135 1351 1341 1393 ultimam
1374 1352 1578 1406 legentes
1610 1354 1688 1394 ad-

82 1432 233 1483 ducat,
259 1433 317 1474 ad
342 1447 480 1488 quam
504 1439 659 1475 tamen
678 1433 740 1474 illi
758 1433 945 1475 adducti
964 1433 1177 1474 videntur
1194 1439 1591 1483 commentatores,
1611 1435 1688 1487 qui

80 1513 227 1554 armis
242 1527 268 1554 a
286 1526 406 1555 nom.
425 1514 550 1555 armi
564 1514 813 1555 derivarint
835 1511 877 1567 ¹).
897 1512 1032 1567 Quod
1052 1526 1189 1567 quam
1208 1513 1454 1554 absurdum
1473 1514 1530 1554 sit
1547 1527 1685 1567 appa-

81 1593 210 1642 rebit,
239 1594 274 1635 si
303 1594 584 1648 reputaveris
609 1593 665 1634 de
689 1593 881 1648 singulis
905 1592 1121 1634 militibus
1137 1593 1335 1648 singulos
1352 1593 1686 1634 commilitones
1734 1588 1737 1591 ’

79 1673 493 1728 complectentibus
524 1687 781 1715 sermonem
815 1673 888 1714 hic
913 1687 1046 1714 esse„
1070 1672 1160 1715 Sed
1196 1678 1323 1714 estne
1356 1687 1514 1714 revera
1541 1675 1687 1715 armis

81 1753 181 1808 (τοῖς
214 1749 374 1809 ὅπλοις)
407 1755 630 1810 complecti
663 1760 759 1795 tam
793 1755 905 1794 mira
937 1752 1136 1794 locutio?
1171 1753 1337 1794 Nonne
1372 1753 1515 1794 multo
1544 1754 1687 1807 magis

79 1847 175 1876 rem
217 1835 361 1890 ipsam
404 1835 637 1889 aptissime
679 1832 931 1888 significat?
976 1833 1022 1875 Si
1066 1834 1166 1887 quis
1200 1833 1341 1883 miles,
1374 1833 1516 1874 altera
1551 1847 1686 1875 manu

78 1913 276 1969 clipeum
316 1914 460 1956 altera
499 1915 641 1956 telum
684 1914 871 1969 aliquod
913 1919 1088 1962 tenens,
1125 1913 1318 1954 alterum
1351 1913 1684 1967 complectitur,

77 1993 141 2036 ita
177 2000 226 2036 ut
259 2008 379 2049 pone
411 2000 590 2049 tergum
624 1995 718 2036 eius
751 1993 922 2048 clipeus
955 1993 1048 2034 telo
1082 1998 1308 2046 tangatur,
1344 2007 1495 2034 nonne
1527 2007 1685 2034 revera

79 2078 163 2120 τοῖς
211 2071 353 2121 ὅπλοις
403 2088 507 2116 eum
556 2072 903 2129 complectitur?
952 2073 1171 2114 Certatim
1216 2072 1288 2113 hic
1332 2072 1389 2113 ab
1433 2073 1683 2114 editoribus

77 2155 262 2197 affertur
293 2170 357 2197 vs.
391 2156 612 2198 Aeneidis
645 2155 750 2204 XII,
784 2166 897 2208 433:

315 2236 565 2278 Ascanium
599 2236 705 2277 fusis
737 2236 906 2276 circum
940 2233 1260 2288 complectitur
1292 2235 1441 2274 armis.

77 2316 189 2371 Quis
221 2323 374 2358 autem
407 2318 452 2358 id
486 2315 620 2358 facit?
654 2317 834 2370 Nempe
868 2315 1065 2363 Aeneas,
1099 2314 1176 2367 qui
1211 2314 1363 2362 modo,
1398 2319 1557 2354 sanato
1592 2314 1681 2355 iam

76 2397 276 2447 vulnere,
301 2399 452 2439 denuo
475 2411 600 2439 arma
618 2398 785 2447 induit;
805 2396 950 2438 armis
968 2408 1089 2449 ergo,
1109 2395 1154 2435 id
1175 2400 1241 2435 est
1259 2395 1454 2435 armatis
1470 2394 1679 2443 brachiis,

75 2478 218 2520 filium
249 2478 554 2533 amplectitur.
589 2478 708 2519 Nam
742 2476 921 2531 Virgilii
955 2476 1165 2524 editores,
1201 2474 1289 2515 illic
1317 2488 1499 2528 quoque
1527 2488 1680 2516 armos

73 2557 315 2612 significari
348 2564 633 2608 annotantes,
662 2557 818 2599 ludere
847 2556 1073 2597 videntur.
1103 2555 1164 2595 Et
1191 2555 1314 2608 quod
1344 2568 1380 2595 c.
1411 2555 1465 2608 38
1494 2554 1677 2609 legitur:

74 2639 254 2694 aperire
288 2639 441 2681 deinde
472 2638 877 2680 armamentarium
910 2637 1041 2677 iussit
1073 2634 1242 2689 (Otho),
1278 2649 1383 2685 non,
1418 2640 1467 2676 ut
1499 2636 1676 2689 opinor,

73 2717 178 2759 hine
212 2724 403 2773 apparet
436 2718 656 2760 hactenus
688 2719 884 2759 inermes
915 2730 1060 2758 omnes
1092 2715 1226 2756 fuisse
1260 2715 1440 2756 milites.

124 2905 159 2950 1)
184 2907 407 2939 Immemores
431 2917 603 2950 nusquam
629 2906 718 2938 illud
739 2905 834 2937 armi
853 2904 948 2947 apud
969 2903 1129 2936 Tacitum
1149 2903 1233 2946 legi,
1253 2914 1370 2946 neque
1391 2902 1550 2936 adhiberi
1570 2912 1673 2944 posse

73 2964 134 2996 ubi
159 2964 202 2996 de
226 2964 428 2996 hominibus
455 2975 567 2996 sermo
589 2965 645 2996 sit.
