2040 3412
0 2425 9 2490 ᾗ

0 2502 9 2584 5}

0 2714 9 2810 ξ

0 2951 17 3083 rvr-ew
0 2818 14 2940 ,.Ἧ,,,,.,,

896 307 955 349 99

125 423 292 464 magno
322 411 520 461 nomine,
549 412 719 453 recenti
748 412 902 454 favore
930 419 976 455 et
1003 396 1202 455 infensus
1223 414 1330 456 Tito
1354 414 1506 464 Vinio,
1525 429 1602 456 seu
1621 415 1727 469 quia

124 495 234 539 erat,
262 503 340 531 seu
369 490 475 544 quia
503 491 602 531 irati
631 492 695 532 ita
721 492 961 543 volebant;
990 499 1035 535 et
1064 493 1236 535 facilius
1264 495 1321 535 de
1349 495 1456 535 odio
1484 493 1726 536 creditur”.

127 569 301 612 Ultima
342 570 565 612 vocabula
605 579 647 613 et
678 572 872 626 facilius
906 604 915 613 .
936 604 945 613 .
966 604 974 613 .
996 604 1005 614 .
1037 574 1238 615 creditur
1281 587 1370 615 non
1415 575 1472 615 ad
1516 574 1726 616 Pisonem

124 649 405 704 Viniumque
436 650 556 691 solos
589 652 832 705 pertinent,
866 653 946 693 sed
981 653 1240 707 generalem
1268 655 1498 707 quandam
1527 655 1728 696 efficiunt

122 731 420 773 sententiam:
459 732 647 773 omnino
681 746 783 773 cum
816 733 873 774 ad
908 734 1063 774 odium
1096 740 1384 788 provocatur,
1418 735 1590 776 facilius
1623 735 1726 776 huic

122 816 392 866 argumento
425 825 561 866 quam
594 813 756 853 ceteris
788 813 999 854 omnibus
1033 827 1186 855 aurem
1206 814 1443 868 vpraebent
1474 815 1697 857 homines.

182 890 332 933 Aliter
378 905 426 933 se
473 906 543 933 res
591 892 730 934 habet
778 893 822 934 in
871 894 1104 935 vocabulis
1148 895 1434 948 quibusdam,
1479 910 1596 950 quae
1638 895 1727 937 alio

122 972 323 1026 quodam
365 971 467 1013 loco
509 972 728 1014 subsimili
772 975 948 1015 ratione
981 975 1363 1029 praecedentibus
1396 982 1500 1017 sunt
1533 991 1726 1018 annexa.

123 1051 183 1093 H.
217 1051 250 1101 1,
282 1064 354 1104 41.
388 1052 636 1107 Postquam
669 1054 855 1095 Tacitus
888 1038 1088 1096 narravit
1120 1056 1268 1096 varios
1295 1070 1392 1097 esse
1421 1058 1479 1098 de
1506 1058 1728 1111 supremis

123 1131 295 1174 Galbae
328 1133 478 1174 verbis
510 1148 725 1184 rumores,
759 1135 871 1176 haec
904 1137 1055 1177 addit:

134 1263 138 1266 ἡ
185 1226 302 1266 „non
336 1213 540 1255 interfuit
572 1214 882 1256 occidentium
917 1216 1025 1269 quid
1060 1215 1277 1258 diceret.’'

182 1293 390 1343 Putasne,
416 1296 737 1336 tantummodo
762 1297 1012 1338 exornandi
1034 1310 1168 1338 causa
1191 1297 1414 1339 vocabula
1431 1298 1506 1339 illa
1523 1299 1702 1340 adiecta

123 1373 228 1415 Non
266 1387 374 1428 ego3
415 1388 520 1415 nam
553 1388 645 1416 non
678 1375 915 1416 Taciteam
948 1376 1150 1418 indolem
1184 1378 1405 1419 eiusmodi
1439 1378 1626 1419 referret
1659 1393 1703 1420 01

121 1458 407 1504 namentum;
448 1454 511 1495 sic
552 1454 752 1509 loquitur
785 1456 855 1497 cui
890 1456 1025 1497 molle
1058 1462 1127 1498 est
1160 1463 1319 1511 pectus
1352 1463 1398 1498 et
1431 1459 1488 1499 ad
1522 1458 1729 1500 lacrimas

122 1547 329 1589 pronum,
374 1548 465 1576 non
510 1536 576 1576 vir
619 1535 747 1576 fortis
792 1536 1020 1590 pauloque
1065 1537 1230 1586 durior,
1264 1537 1408 1591 qualis
1441 1544 1510 1579 est
1542 1539 1729 1580 Tacitus

124 1619 203 1656 aut
230 1620 354 1656 certe
381 1615 524 1657 videri
555 1615 663 1657 vult.
694 1616 798 1657 Non
827 1617 1136 1658 misericordia
1158 1617 1269 1659 haec
1288 1619 1556 1672 provocavit
1576 1619 1728 1669 verba,

121 1708 213 1736 non
246 1694 319 1736 hic
352 1694 490 1737 deflet
522 1696 684 1750 aliquis
713 1697 922 1738 miseram
952 1697 1124 1739 Galbae
1152 1704 1336 1748 sortem,
1365 1700 1442 1752 qui
1470 1713 1612 1740 senex
1638 1701 1727 1741 iam

121 1774 324 1816 infirmus
365 1781 460 1817 tam
503 1776 807 1818 inexorabiles
852 1783 1010 1819 nactus
1051 1778 1109 1819 sit
1147 1779 1452 1829 adversarios;
1487 1779 1727 1821 historicus

120 1855 333 1910 loquitur,
383 1857 459 1910 qui
502 1870 581 1897 cur
623 1862 717 1898 tam
763 1871 922 1911 parum
965 1863 1146 1898 constet
1189 1859 1246 1899 de
1288 1859 1510 1912 supremis
1555 1859 1727 1901 Galbae

121 1935 271 1977 verbis
298 1936 521 1977 rationem
548 1937 712 1978 reddit.
743 1937 870 1978 Haec
898 1938 1019 1978 enim
1048 1938 1092 1978 in
1121 1938 1276 1992 paucis
1303 1938 1388 1979 illis
1415 1939 1568 1980 insunt
1595 1953 1726 1981 voca—

122 2016 261 2058 bulis:
295 2017 475 2070 „audire
503 2017 644 2058 verba
672 2017 745 2058 illa
773 2023 953 2072 praeter
975 2019 1111 2072 ipsos,
1135 2018 1211 2072 qui
1236 2018 1428 2059 Galbam
1447 2020 1726 2070 occiderunt,

123 2110 257 2138 nemo
305 2098 479 2151 potuit;
528 2103 575 2139 at
623 2097 801 2139 illorum
850 2112 941 2139 non
990 2098 1194 2139 interfuit
1237 2099 1346 2152 quid
1390 2101 1575 2149 diceret,
1619 2114 1727 2155 ergo

123 2182 283 2231 postea
324 2177 472 2219 nullus
515 2179 572 2219 de
615 2192 669 2219 ea
710 2192 758 2219 re
802 2179 992 2220 idoneus
1024 2180 1153 2220 testis
1187 2179 1547 2221 inveniebatur.”
1582 2180 1727 2222 Unice

122 2272 276 2299 veram
318 2258 434 2299 hanc
473 2272 570 2300 esse
609 2259 770 2300 horum
804 2260 1048 2300 verborum
1081 2259 1435 2314 explicationem
1468 2260 1540 2302 vel
1574 2275 1598 2302 e
1630 2261 1727 2302 solo

122 2337 327 2392 perfecto
359 2339 573 2393 interfuit
603 2344 809 2393 apparet.

184 2417 243 2459 H.
276 2419 310 2468 Ι,
345 2429 415 2473 72.
459 2418 625 2473 „Apud
665 2419 857 2460 Galbam
891 2419 985 2460 Titi
1018 2420 1142 2461 Vinii
1176 2421 1384 2474 potentia
1417 2420 1626 2463 defensus
1659 2427 1729 2464 est

122 2498 403 2554 (Tigellinus)
437 2500 747 2553 praetexentis
779 2506 1006 2542 servatam
1039 2500 1097 2541 ab
1131 2514 1186 2541 eo
1219 2500 1402 2542 filiam”.

183 2578 257 2620 Ex
300 2579 408 2633 ipsis
445 2579 596 2620 verbis
629 2580 707 2620 vix
739 2581 906 2621 efficias
940 2582 996 2634 de
1031 2580 1264 2622 Galbaene
1297 2594 1354 2621 an
1388 2582 1445 2622 de
1480 2582 1604 2623 Vinii
1637 2582 1727 2624 filia

123 2672 271 2700 sermo
314 2660 385 2708 sit,
418 2659 498 2700 sed
533 2658 707 2700 Galbae
739 2665 894 2700 tamen
928 2660 1066 2701 filiam
1099 2660 1340 2714 significari
1374 2675 1398 2702 e
1430 2663 1726 2716 sequentibus

123 2743 313 2792 apparet
340 2738 503 2787 verbis,
532 2752 648 2792 quae
673 2744 720 2779 et
745 2739 843 2793 ipsa
865 2739 1063 2793 aliquam
1081 2741 1315 2794 requirunt
1333 2741 1726 2795 explanationem:

188 2823 259 2871 „et
291 2817 411 2859 haud
440 2818 576 2859 dubie
604 2825 878 2869 servaverat,
908 2833 999 2861 non
1028 2820 1271 2862 clementia
1297 2822 1467 2876 quippe
1495 2827 1564 2863 tot
1593 2823 1727 2865 inter-

123 2897 266 2948 fectis,
309 2899 389 2940 sed
422 2898 637 2953 effugium
670 2899 715 2939 in
750 2898 961 2949 futurum,
995 2901 1101 2954 quia
1135 2901 1356 2955 pessimus
1389 2903 1580 2956 quisque
1614 2904 1726 2944 diffi-

124 2979 280 3021 dentia
327 2979 633 3034 praesentium
676 2979 976 3021 mutationem
1020 2994 1192 3035 pavens
1234 2982 1450 3023 adversus
1494 2982 1725 3037 publicum
