2040 3412
929 288 979 329 81

155 402 517 459 feminarumque
562 404 800 458 planctus),
842 406 922 447 sed
966 412 1130 449 cuncta
1168 401 1284 462 quae
1326 409 1384 450 ab
1418 402 1531 451 idem
1564 411 1757 452 omnium

153 482 332 525 initium
365 483 551 526 habent.
585 483 689 525 Hoc
721 497 830 538 ergo
863 485 974 526 dicit
1006 486 1216 528 Tacitus:
1257 488 1368 540 „hoc
1402 503 1541 531 unum
1574 491 1619 531 in
1648 504 1758 531 com·

153 563 280 605 muni
308 563 502 605 omnium
534 562 657 605 luctu
692 569 790 605 erat
822 564 1065 606 discrimen
1098 567 1221 620 quod
1260 581 1298 608 e.
1332 582 1375 622 q.
1410 568 1488 610 s.'’.

67 652 120 702 j
183 681 186 683 ,
214 642 296 692 ΙΙΙ,
334 654 408 696 41.
446 643 516 684 De
549 648 676 685 motu
710 642 1068 686 Andecavorum
1101 651 1148 686 et
1180 646 1468 689 Turonorum
1501 654 1546 690 et
1580 649 1666 691 alia
1699 650 1759 691 le-

152 728 321 778 guntur
351 729 398 764 et
430 722 566 765 haec:

71 783 76 789 ’
113 805 115 807 ’
218 802 415 857 „Turoni
454 803 704 858 legionario
743 803 900 854 milite,
937 818 1073 859 quern
1109 806 1323 849 Visellius
1357 808 1504 850 Varro
1538 810 1759 851 inferioris

62 863 424 927 ssf'ffGermaniae
466 883 643 938 legatus
674 884 871 935 miserat,
906 887 1111 940 oppressi
1144 911 1203 917 —-
1236 887 1404 930 Aviola
1436 890 1551 931 duce
1584 896 1630 931 et
1662 892 1759 944 qui-

151 963 346 1008 busdam
387 964 633 1007 Galliarum
673 966 961 1020 primoribus,
995 967 1072 1020 qui
1105 967 1248 1010 tulere
1281 960 1511 1020 auxilium,
1546 985 1636 1025 quo
1671 972 1758 1013 dis—

59 1026 93 1082 fg
123 1054 132 1059 ·
151 1043 417 1087 simularent
450 1044 756 1087 defectionem
790 1047 1025 1102 magisque
1055 1042 1103 1089 in
1137 1054 1346 1103 tempore
1380 1050 1636 1092 efferrent”.

66 1113 117 1139 '⁵‘
171 1147 173 1150 .
212 1125 426 1168 Inaudito
473 1139 654 1180 prorsus
702 1127 841 1168 modo
889 1127 962 1168 hic
1009 1129 1227 1183 efferendi
1271 1130 1462 1171 verbum
1511 1133 1784 1186 opponitur

57 1227 102 1252 ν,
151 1206 294 1248 verbo
330 1206 647 1248 dissimulandi
683 1213 732 1248 ut
772 1207 864 1248 fere
896 1215 1109 1263 promere
1141 1209 1365 1263 significet
1399 1216 1444 1251 et
1475 1212 1757 1269 defectionem

54 1328 71 1334 ,
95 1262 103 1308 ,³
149 1286 316 1342 efferre
356 1287 414 1328 sit
447 1287 606 1342 palam
650 1287 845 1343 deficere.
891 1288 1029 1329 Nam·
1053 1302 1189 1343 quem
1223 1289 1373 1331 locum
1408 1291 1653 1333 Furneaux
1685 1292 1757 1333 hic

49 1347 79 1427 ΙΙ
150 1364 294 1416 affert,
339 1366 421 1416 VI,
464 1380 505 1421 9,
549 1367 685 1422 longe
727 1368 815 1409 alia
857 1369 952 1410 eius
998 1374 1066 1410 est
1099 1370 1229 1411 ratio.
1263 1370 1331 1411 Ibi
1366 1371 1486 1412 enim
1519 1373 1667 1426 agitur
1701 1374 1758 1414 de

150 1446 341 1488 audacia
370 1446 432 1488 M.
459 1446 645 1488 Terenti
670 1448 836 1502 equitis
863 1449 1073 1499 Romani,
1099 1451 1176 1504 qui
1202 1450 1430 1493 liberrima
1449 1453 1505 1494 ad
1525 1452 1759 1495 Tiberium

150 1527 358 1568 oratione
399 1526 611 1569 habenda
649 1541 776 1569 suam
816 1528 1062 1584 Seianique
1095 1531 1343 1572 amicitiam
1378 1532 1596 1574 defendit.
1632 1533 1758 1574 Haec

150 1619 260 1662 ergo
302 1608 448 1662 oratio
492 1613 670 1649 tantum
715 1608 857 1650 valuit
900 1615 949 1650 ut
992 1623 1083 1651 non
1127 1610 1274 1666 solum
1318 1612 1414 1666 ipse
1447 1613 1760 1654 absolveretur

47 1675 49 1678 ’
79 1677 103 1695 ”
149 1687 229 1728 sed
258 1693 406 1729 morte
435 1674 734 1730 multarentur
760 1695 1049 1731 accusatores
1075 1691 1213 1745 „quia
1241 1698 1447 1746 repertus
1475 1691 1600 1734 erat’'
1630 1693 1760 1734 Taci-

49 1771 223 1830 sixtus
261 1768 324 1809 ait
369 1768 471 1822 „qui
512 1768 692 1810 efferret
730 1782 847 1822 quae
882 1783 1041 1811 omnes
1073 1772 1226 1812 animo
1259 1772 1539 1826 agitabant''.
1575 1773 1761 1827 Efferre

57 1903 59 1905 Ι
149 1852 303 1889 autem
346 1853 393 1889 et
435 1849 582 1890 animo
624 1850 805 1903 agitare
846 1850 965 1891 inter
1003 1864 1051 1892 se
1092 1853 1279 1906 opponi,
1315 1867 1464 1903 nemo,
1500 1860 1549 1895 ut
1582 1856 1759 1909 opinor,

54 1910 58 1961 ἶ
98 1983 100 1985 .
150 1926 400 1978 mirabitur.
439 1928 500 1969 Et
534 1929 659 1983 quod
693 1930 760 1970 vir
792 1930 1078 1972 acutissimus
1111 1933 1275 1973 eodem
1309 1933 1448 1974 trahit
1483 1933 1540 1983 II,
1575 1935 1645 1987 63,
1680 1935 1759 1976 hu-

151 2008 272 2050 mani
306 2008 477 2062 patitur
507 2009 702 2063 aliquid:
737 2009 799 2051 ibi
834 2011 954 2051 enim
987 2012 1153 2066 efferre
1185 2018 1253 2054 est
1279 2014 1622 2055 usitatissimum
1650 2015 1759 2056 illud

149 2086 356 2130 laudibus
384 2089 550 2143 efferre
579 2102 612 2130 s.
646 2089 877 2132 extollere.-
912 2097 1066 2144 „extat
1093 2093 1251 2143 oratio,
1281 2107 1370 2147 qua
1398 2095 1759 2148 magnitudinem

150 2167 234 2209 viri
267 2199 277 2209 .
298 2200 308 2209 .
328 2201 338 2210 .
372 2168 581 2210 extulit'’.

210 2247 336 2290 Ann.
370 2249 451 2298 IV,
488 2262 528 2303 3.
563 2250 686 2292 Nota
718 2265 789 2292 res
822 2257 889 2293 est
914 2252 1126 2306 paelicem
1156 2253 1244 2294 dici
1272 2253 1507 2295 mulierem
1537 2268 1626 2296 non
1654 2255 1759 2296 rati·

58 2386 61 2388 -
151 2341 239 2369 one
270 2328 427 2370 habita
458 2330 564 2379 viri,
599 2330 675 2384 qui
709 2344 810 2372 eam
838 2338 961 2372 amat
990 2332 1130 2386 (Belg.
1164 2332 1376 2386 „bijzit”),
1406 2335 1485 2375 sed
1517 2334 1587 2375 vel
1615 2335 1759 2376 iustae

43 2398 87 2453 ἴ,
150 2409 305 2451 uxoris
351 2409 423 2451 vel
472 2410 667 2451 cuiusvis
717 2412 927 2461 mulieris,
974 2426 1091 2466 quae
1133 2414 1191 2453 ab
1235 2414 1398 2454 eodem
1443 2414 1539 2455 viro
1582 2421 1760 2456 amatur

151 2488 291 2544 (Belg.
330 2491 781 2546 „medeminnares'’).
816 2492 899 2534 Sic.
919 2492 1098 2535 Semele
1126 2499 1193 2534 est
1222 2493 1385 2547 paelex
1412 2508 1502 2535 non
1531 2495 1651 2536 Iovis
1678 2496 1758 2537 sed

151 2569 351 2611 Iunonis.
396 2569 547 2612 Semel
589 2571 775 2613 Tacitus
817 2572 906 2613 alio
951 2573 1088 2613 modo
1134 2572 1243 2613 illud
1288 2587 1454 2614 nomen
1498 2574 1759 2616 adhibuisse

150 2649 344 2699 videtur,
378 2651 459 2692 sed
492 2656 671 2692 tantum
704 2652 893 2701 videtur,
930 2666 1034 2693 nam
1068 2653 1103 2693 si
1137 2659 1260 2694 recte
1296 2667 1400 2694 eum
1435 2654 1758 2708 interpretariS‚

151 2735 342 2784 apparet
374 2731 436 2772 ibi
470 2745 653 2785 quoque
686 2746 712 2772 a
739 2731 874 2773 solito
903 2746 984 2773 usu
1012 2746 1115 2773 eum
1145 2746 1236 2773 non
1265 2734 1492 2774 recedere.
1524 2734 1606 2775 Est
1634 2735 1759 2776 locus

151 2809 228 2851 ubi
262 2809 320 2851 de
354 2809 505 2852 Seiani
540 2811 791 2865 Liviaeque
818 2812 966 2866 agitur
993 2813 1185 2866 nuptiis:
1219 2812 1374 2866 „Pellit
1404 2814 1542 2855 domo
1571 2813 1760 2856 Seianus

151 2878 341 2930 uxorem
383 2889 646 2944 Apicatam,
692 2905 750 2931 ex
793 2905 883 2944 qua
921 2897 1011 2932 tres
1044 2891 1210 2933 liberos
1243 2899 1475 2946 genuerat,
1508 2908 1564 2935 ne
1598 2895 1759 2948 paelici

151 2969 498 3023 suspectaretur’
507 2970 530 3010 ’.

1541 3052 1563 3084 6
