<?xml version="1.0" encoding="UTF-8"?>
<!DOCTYPE html PUBLIC "-//W3C//DTD XHTML 1.0 Transitional//EN"
    "http://www.w3.org/TR/xhtml1/DTD/xhtml1-transitional.dtd">
<html xmlns="http://www.w3.org/1999/xhtml" xml:lang="en" lang="en">
 <head>
  <title>
</title>
<meta http-equiv="Content-Type" content="text/html;charset=utf-8" />
  <meta name='ocr-system' content='tesseract 3.04.00' />
  <meta name='ocr-capabilities' content='ocr_page ocr_carea ocr_par ocr_line ocrx_word'/>
</head>
<body>
  <div class='ocr_page' id='page_1' title='image "analectatacitea00hartuoft_0039.png"; bbox 0 0 2040 3412; ppageno 0'>
   <div class='ocr_carea' id='block_1_1' title="bbox 0 2990 18 3412">
    <p class='ocr_par' dir='ltr' id='par_1_1' title="bbox 0 2990 18 3412">
     <span class='ocr_line' id='line_1_1' title="bbox 0 2990 18 3412; textangle 90"><span class='ocrx_word' id='word_1_1' title='bbox 0 3150 18 3412; x_wconf 59' lang='lat' dir='ltr'>WF&#39;W&#39;</span> <span class='ocrx_word' id='word_1_2' title='bbox 0 3133 6 3142; x_wconf 52' lang='lat' dir='ltr'>V</span> <span class='ocrx_word' id='word_1_3' title='bbox 0 3090 8 3125; x_wconf 37' lang='grc' dir='ltr'>’γ’</span> <span class='ocrx_word' id='word_1_4' title='bbox 0 3032 11 3074; x_wconf 61' lang='grc' dir='ltr'><strong>ῐ“”“”’</strong></span> <span class='ocrx_word' id='word_1_5' title='bbox 0 2990 10 3013; x_wconf 49' lang='grc' dir='ltr'>’Ὺ</span> 
     </span>
    </p>
   </div>
   <div class='ocr_carea' id='block_1_2' title="bbox 0 0 102 1580">
    <p class='ocr_par' dir='ltr' id='par_1_2' title="bbox 0 0 102 1580">
     <span class='ocr_line' id='line_1_2' title="bbox 0 0 102 1580; baseline 0 -1233"><span class='ocrx_word' id='word_1_6' title='bbox 0 0 102 1580; x_wconf 95' lang='lat' dir='ltr'>    </span> 
     </span>
    </p>
   </div>
   <div class='ocr_carea' id='block_1_3' title="bbox 841 271 888 314">
    <p class='ocr_par' dir='ltr' id='par_1_3' title="bbox 841 271 888 314">
     <span class='ocr_line' id='line_1_3' title="bbox 841 271 888 314; baseline 0 -14"><span class='ocrx_word' id='word_1_7' title='bbox 841 271 888 314; x_wconf 82' lang='lat'>31</span> 
     </span>
    </p>
   </div>
   <div class='ocr_carea' id='block_1_4' title="bbox 6 379 1670 1481">
    <p class='ocr_par' dir='ltr' id='par_1_4' title="bbox 3 379 1670 1481">
     <span class='ocr_line' id='line_1_4' title="bbox 60 379 1670 443; baseline -0.001 -19.045"><span class='ocrx_word' id='word_1_8' title='bbox 23 379 273 444; x_wconf 62' lang='lat' dir='ltr'>{omnibus</span> <span class='ocrx_word' id='word_1_9' title='bbox 314 380 480 422; x_wconf 90' lang='lat' dir='ltr'>fuerint</span> <span class='ocrx_word' id='word_1_10' title='bbox 521 393 600 422; x_wconf 92' lang='lat' dir='ltr'>cur</span> <span class='ocrx_word' id='word_1_11' title='bbox 643 380 889 435; x_wconf 87' lang='lat' dir='ltr'>participes</span> <span class='ocrx_word' id='word_1_12' title='bbox 932 381 1093 443; x_wconf 85' lang='lat' dir='ltr'>fierent</span> <span class='ocrx_word' id='word_1_13' title='bbox 1136 381 1475 422; x_wconf 82' lang='lat' dir='ltr'>coniurationis.</span> <span class='ocrx_word' id='word_1_14' title='bbox 1520 379 1670 434; x_wconf 89' lang='lat' dir='ltr'>Quam</span> 
     </span>
     <span class='ocr_line' id='line_1_5' title="bbox 60 459 1670 517; baseline -0.001 -13.048"><span class='ocrx_word' id='word_1_15' title='bbox 20 473 170 527; x_wconf 85' lang='lat' dir='ltr'>ergo</span> <span class='ocrx_word' id='word_1_16' title='bbox 211 474 394 502; x_wconf 89' lang='lat' dir='ltr'>causam</span> <span class='ocrx_word' id='word_1_17' title='bbox 437 459 597 501; x_wconf 87' lang='lat' dir='ltr'>habuit</span> <span class='ocrx_word' id='word_1_18' title='bbox 633 459 855 502; x_wconf 87' lang='lat' dir='ltr'>Senecio?</span> <span class='ocrx_word' id='word_1_19' title='bbox 890 461 1069 515; x_wconf 90' lang='lat' dir='ltr'><strong>Nempe</strong></span> <span class='ocrx_word' id='word_1_20' title='bbox 1103 461 1226 514; x_wconf 91' lang='lat' dir='ltr'>quod</span> <span class='ocrx_word' id='word_1_21' title='bbox 1251 460 1469 515; x_wconf 82' lang='lat' dir='ltr'>periculis</span> <span class='ocrx_word' id='word_1_22' title='bbox 1500 461 1670 517; x_wconf 85' lang='lat' dir='ltr'>conflic-</span> 
     </span>
     <span class='ocr_line' id='line_1_6' title="bbox 26 527 1668 595; baseline -0.001 -12"><span class='ocrx_word' id='word_1_23' title='bbox 26 527 255 591; x_wconf 61' lang='grc' dir='ltr'>Ῐίαόαίκν,</span> <span class='ocrx_word' id='word_1_24' title='bbox 298 540 443 595; x_wconf 90' lang='lat' dir='ltr'>iisque</span> <span class='ocrx_word' id='word_1_25' title='bbox 486 541 672 582; x_wconf 90' lang='lat' dir='ltr'>tandem</span> <span class='ocrx_word' id='word_1_26' title='bbox 717 540 965 594; x_wconf 89' lang='lat' dir='ltr'>aliquando</span> <span class='ocrx_word' id='word_1_27' title='bbox 999 554 1272 595; x_wconf 90' lang='lat' dir='ltr'>quocunque</span> <span class='ocrx_word' id='word_1_28' title='bbox 1306 541 1494 582; x_wconf 90' lang='lat' dir='ltr'>tandem</span> <span class='ocrx_word' id='word_1_29' title='bbox 1529 541 1668 582; x_wconf 92' lang='lat' dir='ltr'>modo</span> 
     </span>
     <span class='ocr_line' id='line_1_7' title="bbox 16 618 1670 676; baseline -0.001 -12"><span class='ocrx_word' id='word_1_30' title='bbox 16 618 238 665; x_wconf 58' lang='lat' dir='ltr'>‘liberari</span> <span class='ocrx_word' id='word_1_31' title='bbox 266 620 494 676; x_wconf 90' lang='lat' dir='ltr'>cupiebat.</span> <span class='ocrx_word' id='word_1_32' title='bbox 524 620 626 662; x_wconf 92' lang='lat' dir='ltr'>Hoc</span> <span class='ocrx_word' id='word_1_33' title='bbox 655 621 841 675; x_wconf 89' lang='lat' dir='ltr'>quidem</span> <span class='ocrx_word' id='word_1_34' title='bbox 870 620 1000 662; x_wconf 89' lang='lat' dir='ltr'>facile</span> <span class='ocrx_word' id='word_1_35' title='bbox 1029 621 1337 675; x_wconf 85' lang='lat' dir='ltr'>intelligimus.</span> <span class='ocrx_word' id='word_1_36' title='bbox 1366 621 1433 662; x_wconf 92' lang='lat' dir='ltr'>At</span> <span class='ocrx_word' id='word_1_37' title='bbox 1460 620 1537 662; x_wconf 90' lang='lat' dir='ltr'>illa</span> <span class='ocrx_word' id='word_1_38' title='bbox 1554 621 1670 676; x_wconf 88' lang='lat' dir='ltr'>peri-</span> 
     </span>
     <span class='ocr_line' id='line_1_8' title="bbox 19 693 1670 758; baseline -0.001 -14"><span class='ocrx_word' id='word_1_39' title='bbox 19 693 32 738; x_wconf 63' lang='lat' dir='ltr'>2ss</span> <span class='ocrx_word' id='word_1_40' title='bbox 59 701 162 744; x_wconf 89' lang='lat' dir='ltr'>cula</span> <span class='ocrx_word' id='word_1_41' title='bbox 203 715 319 758; x_wconf 89' lang='lat' dir='ltr'>quae</span> <span class='ocrx_word' id='word_1_42' title='bbox 352 699 561 743; x_wconf 90' lang='lat' dir='ltr'>fuerunt?</span> <span class='ocrx_word' id='word_1_43' title='bbox 599 701 670 754; x_wconf 90' lang='lat' dir='ltr'>„A</span> <span class='ocrx_word' id='word_1_44' title='bbox 703 701 948 742; x_wconf 91' lang='lat' dir='ltr'>coniuratis</span> <span class='ocrx_word' id='word_1_45' title='bbox 980 694 1388 755; x_wconf 87' lang='lat' dir='ltr'>proficiscebantur</span> <span class='ocrx_word' id='word_1_46' title='bbox 1421 700 1525 742; x_wconf 91' lang='lat' dir='ltr'>illa”</span> <span class='ocrx_word' id='word_1_47' title='bbox 1558 701 1595 742; x_wconf 94' lang='lat' dir='ltr'>F</span> <span class='ocrx_word' id='word_1_48' title='bbox 1600 715 1670 742; x_wconf 91' lang='lat' dir='ltr'>ur-</span> 
     </span>
     <span class='ocr_line' id='line_1_9' title="bbox 59 780 1668 835; baseline -0.002 -10.104"><span class='ocrx_word' id='word_1_49' title='bbox 59 795 210 825; x_wconf 84' lang='lat' dir='ltr'>neaux</span> <span class='ocrx_word' id='word_1_50' title='bbox 246 783 323 824; x_wconf 88' lang='lat' dir='ltr'>ait.</span> <span class='ocrx_word' id='word_1_51' title='bbox 358 781 449 825; x_wconf 89' lang='lat' dir='ltr'>Sed</span> <span class='ocrx_word' id='word_1_52' title='bbox 480 781 592 823; x_wconf 90' lang='lat' dir='ltr'>illud</span> <span class='ocrx_word' id='word_1_53' title='bbox 627 781 892 823; x_wconf 88' lang='lat' dir='ltr'>incredibile</span> <span class='ocrx_word' id='word_1_54' title='bbox 925 781 1008 822; x_wconf 89' lang='lat' dir='ltr'>nisi</span> <span class='ocrx_word' id='word_1_55' title='bbox 1042 806 1100 811; x_wconf 92' lang='lat'>——</span> <span class='ocrx_word' id='word_1_56' title='bbox 1132 781 1177 822; x_wconf 93' lang='lat' dir='ltr'>id</span> <span class='ocrx_word' id='word_1_57' title='bbox 1212 782 1336 835; x_wconf 91' lang='lat' dir='ltr'>quod</span> <span class='ocrx_word' id='word_1_58' title='bbox 1370 780 1493 822; x_wconf 93' lang='lat' dir='ltr'>nullo</span> <span class='ocrx_word' id='word_1_59' title='bbox 1529 782 1668 822; x_wconf 93' lang='lat' dir='ltr'>modo</span> 
     </span>
     <span class='ocr_line' id='line_1_10' title="bbox 12 860 1666 918; baseline -0.001 -14"><span class='ocrx_word' id='word_1_60' title='bbox 12 884 31 918; x_wconf 59' lang='lat'><em>3</em></span> <span class='ocrx_word' id='word_1_61' title='bbox 59 862 192 904; x_wconf 85' lang='lat' dir='ltr'>nobis</span> <span class='ocrx_word' id='word_1_62' title='bbox 232 863 498 917; x_wconf 87' lang='lat' dir='ltr'>suppeditat</span> <span class='ocrx_word' id='word_1_63' title='bbox 540 862 687 903; x_wconf 86' lang='lat' dir='ltr'>Taciti</span> <span class='ocrx_word' id='word_1_64' title='bbox 731 862 930 903; x_wconf 88' lang='lat' dir='ltr'>narratio</span> <span class='ocrx_word' id='word_1_65' title='bbox 962 886 1021 892; x_wconf 91' lang='lat'>—-</span> <span class='ocrx_word' id='word_1_66' title='bbox 1053 861 1272 902; x_wconf 90' lang='lat' dir='ltr'>sumimus</span> <span class='ocrx_word' id='word_1_67' title='bbox 1315 860 1500 915; x_wconf 87' lang='lat' dir='ltr'>longam</span> <span class='ocrx_word' id='word_1_68' title='bbox 1538 875 1666 915; x_wconf 90' lang='lat' dir='ltr'>prae-</span> 
     </span>
     <span class='ocr_line' id='line_1_11' title="bbox 59 941 1665 996; baseline -0.002 -11.098"><span class='ocrx_word' id='word_1_69' title='bbox 59 942 246 984; x_wconf 86' lang='lat' dir='ltr'>cessisse</span> <span class='ocrx_word' id='word_1_70' title='bbox 277 943 642 984; x_wconf 90' lang='lat' dir='ltr'>coniurationum</span> <span class='ocrx_word' id='word_1_71' title='bbox 675 942 852 991; x_wconf 88' lang='lat' dir='ltr'>seriem,</span> <span class='ocrx_word' id='word_1_72' title='bbox 886 955 1078 996; x_wconf 90' lang='lat' dir='ltr'>quarum</span> <span class='ocrx_word' id='word_1_73' title='bbox 1112 955 1226 982; x_wconf 93' lang='lat' dir='ltr'>unus</span> <span class='ocrx_word' id='word_1_74' title='bbox 1259 946 1305 982; x_wconf 89' lang='lat' dir='ltr'>et</span> <span class='ocrx_word' id='word_1_75' title='bbox 1337 941 1451 982; x_wconf 90' lang='lat' dir='ltr'>alter</span> <span class='ocrx_word' id='word_1_76' title='bbox 1483 954 1541 982; x_wconf 85' lang='lat' dir='ltr'>ex</span> <span class='ocrx_word' id='word_1_77' title='bbox 1576 941 1665 982; x_wconf 93' lang='lat' dir='ltr'>Ne-</span> 
     </span>
     <span class='ocr_line' id='line_1_12' title="bbox 58 1021 1666 1077; baseline -0.002 -12.083"><span class='ocrx_word' id='word_1_78' title='bbox 58 1023 181 1065; x_wconf 91' lang='lat' dir='ltr'>ronis</span> <span class='ocrx_word' id='word_1_79' title='bbox 217 1023 375 1064; x_wconf 90' lang='lat' dir='ltr'>amicis</span> <span class='ocrx_word' id='word_1_80' title='bbox 405 1023 496 1064; x_wconf 89' lang='lat' dir='ltr'>iam</span> <span class='ocrx_word' id='word_1_81' title='bbox 530 1023 715 1064; x_wconf 89' lang='lat' dir='ltr'>victima</span> <span class='ocrx_word' id='word_1_82' title='bbox 747 1021 894 1063; x_wconf 89' lang='lat' dir='ltr'>suerit.</span> <span class='ocrx_word' id='word_1_83' title='bbox 930 1022 1062 1076; x_wconf 91' lang='lat' dir='ltr'>Nunc</span> <span class='ocrx_word' id='word_1_84' title='bbox 1097 1035 1205 1063; x_wconf 91' lang='lat' dir='ltr'>vero</span> <span class='ocrx_word' id='word_1_85' title='bbox 1239 1021 1461 1063; x_wconf 89' lang='lat' dir='ltr'>eiusmodi</span> <span class='ocrx_word' id='word_1_86' title='bbox 1494 1022 1666 1077; x_wconf 90' lang='lat' dir='ltr'>aliquid</span> 
     </span>
     <span class='ocr_line' id='line_1_13' title="bbox 26 1103 1668 1158; baseline -0.001 -12.018"><span class='ocrx_word' id='word_1_87' title='bbox 26 1114 29 1138; x_wconf 77' lang='grc' dir='ltr'>ὲ</span> <span class='ocrx_word' id='word_1_88' title='bbox 57 1104 123 1146; x_wconf 89' lang='lat' dir='ltr'>sic</span> <span class='ocrx_word' id='word_1_89' title='bbox 164 1103 257 1146; x_wconf 90' lang='lat' dir='ltr'>fere</span> <span class='ocrx_word' id='word_1_90' title='bbox 299 1103 433 1145; x_wconf 89' lang='lat' dir='ltr'>fuerit</span> <span class='ocrx_word' id='word_1_91' title='bbox 476 1104 829 1145; x_wconf 90' lang='lat' dir='ltr'>enuntiandum:</span> <span class='ocrx_word' id='word_1_92' title='bbox 871 1103 1109 1158; x_wconf 70' lang='lat' dir='ltr'>praecipito</span> <span class='ocrx_word' id='word_1_93' title='bbox 1148 1103 1193 1144; x_wconf 84' lang='lat' dir='ltr'>in</span> <span class='ocrx_word' id='word_1_94' title='bbox 1218 1103 1419 1158; x_wconf 80' lang='lat' dir='ltr'>periculo</span> <span class='ocrx_word' id='word_1_95' title='bbox 1453 1111 1566 1145; x_wconf 85' lang='lat' dir='ltr'>erat.</span> <span class='ocrx_word' id='word_1_96' title='bbox 1600 1103 1668 1144; x_wconf 86' lang='lat' dir='ltr'>At</span> 
     </span>
     <span class='ocr_line' id='line_1_14' title="bbox 58 1182 1669 1241; baseline -0.001 -15.031"><span class='ocrx_word' id='word_1_97' title='bbox 7 1182 207 1242; x_wconf 89' lang='lat' dir='ltr'>ipsum</span> <span class='ocrx_word' id='word_1_98' title='bbox 250 1183 360 1226; x_wconf 94' lang='lat' dir='ltr'>illud</span> <span class='ocrx_word' id='word_1_99' title='bbox 403 1198 540 1238; x_wconf 91' lang='lat' dir='ltr'>quam</span> <span class='ocrx_word' id='word_1_100' title='bbox 582 1184 640 1225; x_wconf 88' lang='lat' dir='ltr'>sit</span> <span class='ocrx_word' id='word_1_101' title='bbox 682 1184 913 1238; x_wconf 89' lang='lat' dir='ltr'>ineptum:</span> <span class='ocrx_word' id='word_1_102' title='bbox 952 1182 1144 1225; x_wconf 87' lang='lat' dir='ltr'>Senecio</span> <span class='ocrx_word' id='word_1_103' title='bbox 1178 1183 1235 1224; x_wconf 91' lang='lat' dir='ltr'>de</span> <span class='ocrx_word' id='word_1_104' title='bbox 1270 1183 1583 1225; x_wconf 89' lang='lat' dir='ltr'>coniuratione</span> <span class='ocrx_word' id='word_1_105' title='bbox 1618 1184 1669 1225; x_wconf 92' lang='lat' dir='ltr'>fit</span> 
     </span>
     <span class='ocr_line' id='line_1_15' title="bbox 13 1263 1667 1319; baseline -0.002 -12"><span class='ocrx_word' id='word_1_106' title='bbox 13 1290 15 1292; x_wconf 92' lang='lat'><em>-</em></span> <span class='ocrx_word' id='word_1_107' title='bbox 59 1265 225 1318; x_wconf 84' lang='lat' dir='ltr'>certior</span> <span class='ocrx_word' id='word_1_108' title='bbox 266 1278 512 1319; x_wconf 89' lang='lat' dir='ltr'>secumque</span> <span class='ocrx_word' id='word_1_109' title='bbox 555 1265 618 1306; x_wconf 90' lang='lat' dir='ltr'>ita</span> <span class='ocrx_word' id='word_1_110' title='bbox 650 1265 872 1319; x_wconf 90' lang='lat' dir='ltr'>loquitur:</span> <span class='ocrx_word' id='word_1_111' title='bbox 912 1263 1053 1317; x_wconf 91' lang='lat' dir='ltr'>„eheu</span> <span class='ocrx_word' id='word_1_112' title='bbox 1087 1270 1308 1318; x_wconf 88' lang='lat' dir='ltr'>quantum</span> <span class='ocrx_word' id='word_1_113' title='bbox 1341 1264 1466 1314; x_wconf 92' lang='lat' dir='ltr'>mihi,</span> <span class='ocrx_word' id='word_1_114' title='bbox 1499 1264 1576 1318; x_wconf 93' lang='lat' dir='ltr'>qui</span> <span class='ocrx_word' id='word_1_115' title='bbox 1610 1278 1667 1305; x_wconf 85' lang='lat' dir='ltr'>ex</span> 
     </span>
     <span class='ocr_line' id='line_1_16' title="bbox 59 1343 1667 1398; baseline -0.001 -11.067"><span class='ocrx_word' id='word_1_116' title='bbox 59 1346 220 1388; x_wconf 89' lang='lat' dir='ltr'>intima</span> <span class='ocrx_word' id='word_1_117' title='bbox 261 1345 347 1387; x_wconf 88' lang='lat' dir='ltr'>sim</span> <span class='ocrx_word' id='word_1_118' title='bbox 390 1345 585 1386; x_wconf 87' lang='lat' dir='ltr'>Neronis</span> <span class='ocrx_word' id='word_1_119' title='bbox 627 1344 948 1394; x_wconf 81' lang='lat' dir='ltr'>familiaritate,</span> <span class='ocrx_word' id='word_1_120' title='bbox 993 1358 1112 1385; x_wconf 92' lang='lat' dir='ltr'>nunc</span> <span class='ocrx_word' id='word_1_121' title='bbox 1151 1344 1390 1398; x_wconf 90' lang='lat' dir='ltr'>impendet</span> <span class='ocrx_word' id='word_1_122' title='bbox 1423 1343 1667 1398; x_wconf 88' lang='lat' dir='ltr'>periculi!&#39;’</span> 
     </span>
     <span class='ocr_line' id='line_1_17' title="bbox 6 1423 1667 1481; baseline -0.001 -13"><span class='ocrx_word' id='word_1_123' title='bbox 6 1427 8 1429; x_wconf 67' lang='grc'><strong><em>’</em></strong></span> <span class='ocrx_word' id='word_1_124' title='bbox 60 1425 181 1481; x_wconf 83' lang='lat' dir='ltr'>Quid</span> <span class='ocrx_word' id='word_1_125' title='bbox 209 1439 318 1480; x_wconf 87' lang='lat' dir='ltr'>ergo</span> <span class='ocrx_word' id='word_1_126' title='bbox 344 1424 480 1467; x_wconf 83' lang='lat' dir='ltr'>facit?</span> <span class='ocrx_word' id='word_1_127' title='bbox 510 1425 727 1466; x_wconf 91' lang='lat' dir='ltr'>Defertne</span> <span class='ocrx_word' id='word_1_128' title='bbox 755 1439 850 1466; x_wconf 90' lang='lat' dir='ltr'>rem</span> <span class='ocrx_word' id='word_1_129' title='bbox 879 1425 937 1466; x_wconf 89' lang='lat' dir='ltr'>ad</span> <span class='ocrx_word' id='word_1_130' title='bbox 968 1423 1228 1466; x_wconf 84' lang='lat' dir='ltr'>Neronem?</span> <span class='ocrx_word' id='word_1_131' title='bbox 1258 1425 1405 1465; x_wconf 92' lang='lat' dir='ltr'>Immo</span> <span class='ocrx_word' id='word_1_132' title='bbox 1434 1438 1541 1465; x_wconf 90' lang='lat' dir='ltr'>vero</span> <span class='ocrx_word' id='word_1_133' title='bbox 1569 1425 1667 1479; x_wconf 92' lang='lat' dir='ltr'>ipse</span> 
     </span>
    </p>
   </div>
   <div class='ocr_carea' id='block_1_5' title="bbox 2 1504 1664 1559">
    <p class='ocr_par' dir='ltr' id='par_1_5' title="bbox 2 1498 1664 1559">
     <span class='ocr_line' id='line_1_18' title="bbox 2 1504 1664 1559; baseline -0.002 -11"><span class='ocrx_word' id='word_1_134' title='bbox 2 1511 16 1546; x_wconf 67' lang='grc' dir='ltr'>ἶ</span> <span class='ocrx_word' id='word_1_135' title='bbox 58 1505 110 1549; x_wconf 86' lang='lat' dir='ltr'>fit</span> <span class='ocrx_word' id='word_1_136' title='bbox 141 1507 466 1548; x_wconf 89' lang='lat' dir='ltr'>coniurationis</span> <span class='ocrx_word' id='word_1_137' title='bbox 499 1506 660 1555; x_wconf 89' lang='lat' dir='ltr'>socius,</span> <span class='ocrx_word' id='word_1_138' title='bbox 688 1506 782 1547; x_wconf 86' lang='lat' dir='ltr'>eius</span> <span class='ocrx_word' id='word_1_139' title='bbox 809 1505 982 1547; x_wconf 91' lang='lat' dir='ltr'>scilicet</span> <span class='ocrx_word' id='word_1_140' title='bbox 1008 1504 1346 1550; x_wconf 89' lang='lat' dir='ltr'>coniurationis,</span> <span class='ocrx_word' id='word_1_141' title='bbox 1375 1505 1499 1546; x_wconf 88' lang='lat' dir='ltr'>cuius</span> <span class='ocrx_word' id='word_1_142' title='bbox 1527 1519 1664 1559; x_wconf 91' lang='lat' dir='ltr'>quam</span> 
     </span>
    </p>
   </div>
   <div class='ocr_carea' id='block_1_6' title="bbox 58 1585 1666 1724">
    <p class='ocr_par' dir='ltr' id='par_1_6' title="bbox 58 1585 1666 1724">
     <span class='ocr_line' id='line_1_19' title="bbox 58 1585 1664 1640; baseline -0.002 -10"><span class='ocrx_word' id='word_1_143' title='bbox 58 1588 116 1630; x_wconf 88' lang='lat' dir='ltr'>sit</span> <span class='ocrx_word' id='word_1_144' title='bbox 153 1587 318 1630; x_wconf 91' lang='lat' dir='ltr'>dubius</span> <span class='ocrx_word' id='word_1_145' title='bbox 351 1592 542 1628; x_wconf 90' lang='lat' dir='ltr'>eventus</span> <span class='ocrx_word' id='word_1_146' title='bbox 574 1586 704 1628; x_wconf 89' lang='lat' dir='ltr'>facile</span> <span class='ocrx_word' id='word_1_147' title='bbox 738 1586 882 1640; x_wconf 91' lang='lat' dir='ltr'>possit</span> <span class='ocrx_word' id='word_1_148' title='bbox 915 1585 1182 1639; x_wconf 86' lang='lat' dir='ltr'>intelligere,</span> <span class='ocrx_word' id='word_1_149' title='bbox 1213 1599 1329 1639; x_wconf 91' lang='lat' dir='ltr'>quae</span> <span class='ocrx_word' id='word_1_150' title='bbox 1363 1599 1500 1639; x_wconf 91' lang='lat' dir='ltr'>quam</span> <span class='ocrx_word' id='word_1_151' title='bbox 1534 1585 1664 1626; x_wconf 92' lang='lat' dir='ltr'>facile</span> 
     </span>
     <span class='ocr_line' id='line_1_20' title="bbox 60 1666 1666 1724; baseline -0.002 -14"><span class='ocrx_word' id='word_1_152' title='bbox 60 1668 219 1724; x_wconf 76' lang='lat' dir='ltr'>possit*</span> <span class='ocrx_word' id='word_1_153' title='bbox 235 1668 388 1723; x_wconf 88' lang='lat' dir='ltr'>detegi</span> <span class='ocrx_word' id='word_1_154' title='bbox 421 1669 518 1723; x_wconf 88' lang='lat' dir='ltr'>ipse</span> <span class='ocrx_word' id='word_1_155' title='bbox 551 1673 620 1709; x_wconf 88' lang='lat' dir='ltr'>est</span> <span class='ocrx_word' id='word_1_156' title='bbox 654 1673 891 1722; x_wconf 86' lang='lat' dir='ltr'>expertus:</span> <span class='ocrx_word' id='word_1_157' title='bbox 918 1667 984 1707; x_wconf 74' lang='lat' dir='ltr'>‘ad</span> <span class='ocrx_word' id='word_1_158' title='bbox 1017 1667 1166 1720; x_wconf 89' lang='lat' dir='ltr'>ipsum</span> <span class='ocrx_word' id='word_1_159' title='bbox 1199 1666 1320 1707; x_wconf 92' lang='lat' dir='ltr'>enim</span> <span class='ocrx_word' id='word_1_160' title='bbox 1354 1667 1444 1707; x_wconf 92' lang='lat' dir='ltr'>iam</span> <span class='ocrx_word' id='word_1_161' title='bbox 1476 1671 1574 1707; x_wconf 92' lang='lat' dir='ltr'>tum</span> <span class='ocrx_word' id='word_1_162' title='bbox 1608 1667 1666 1707; x_wconf 90' lang='lat' dir='ltr'>de</span> 
     </span>
    </p>
   </div>
   <div class='ocr_carea' id='block_1_7' title="bbox 21 1744 1666 1804">
    <p class='ocr_par' dir='ltr' id='par_1_7' title="bbox 21 1744 1666 1804">
     <span class='ocr_line' id='line_1_21' title="bbox 21 1744 1666 1804; baseline -0.003 -13"><span class='ocrx_word' id='word_1_163' title='bbox 21 1744 113 1790; x_wconf 35' lang='lat' dir='ltr'>sea</span> <span class='ocrx_word' id='word_1_164' title='bbox 153 1754 425 1804; x_wconf 87' lang='lat' dir='ltr'>pervenerat</span> <span class='ocrx_word' id='word_1_165' title='bbox 463 1748 646 1789; x_wconf 87' lang='lat' dir='ltr'>nuntius</span> <span class='ocrx_word' id='word_1_166' title='bbox 679 1762 783 1789; x_wconf 91' lang='lat' dir='ltr'>cum</span> <span class='ocrx_word' id='word_1_167' title='bbox 817 1747 953 1801; x_wconf 87' lang='lat' dir='ltr'>vulgo</span> <span class='ocrx_word' id='word_1_168' title='bbox 988 1747 1183 1788; x_wconf 90' lang='lat' dir='ltr'>Neronis</span> <span class='ocrx_word' id='word_1_169' title='bbox 1217 1747 1450 1787; x_wconf 89' lang='lat' dir='ltr'>videretur</span> <span class='ocrx_word' id='word_1_170' title='bbox 1480 1747 1666 1787; x_wconf 84' lang='lat' dir='ltr'>amicus.</span> 
     </span>
    </p>
   </div>
   <div class='ocr_carea' id='block_1_8' title="bbox 58 1826 1666 2043">
    <p class='ocr_par' dir='ltr' id='par_1_8' title="bbox 58 1826 1666 2043">
     <span class='ocr_line' id='line_1_22' title="bbox 59 1826 1666 1883; baseline -0.002 -12"><span class='ocrx_word' id='word_1_171' title='bbox 59 1827 220 1872; x_wconf 88' lang='lat' dir='ltr'>Sermo</span> <span class='ocrx_word' id='word_1_172' title='bbox 261 1843 370 1883; x_wconf 89' lang='lat' dir='ltr'>ergo</span> <span class='ocrx_word' id='word_1_173' title='bbox 403 1835 471 1870; x_wconf 92' lang='lat' dir='ltr'>est</span> <span class='ocrx_word' id='word_1_174' title='bbox 504 1829 561 1870; x_wconf 90' lang='lat' dir='ltr'>de</span> <span class='ocrx_word' id='word_1_175' title='bbox 595 1828 827 1883; x_wconf 88' lang='lat' dir='ltr'>perpetuis</span> <span class='ocrx_word' id='word_1_176' title='bbox 860 1827 1070 1882; x_wconf 86' lang='lat' dir='ltr'>periculis</span> <span class='ocrx_word' id='word_1_177' title='bbox 1103 1827 1148 1867; x_wconf 90' lang='lat' dir='ltr'>in</span> <span class='ocrx_word' id='word_1_178' title='bbox 1181 1826 1347 1880; x_wconf 91' lang='lat' dir='ltr'>quibus</span> <span class='ocrx_word' id='word_1_179' title='bbox 1380 1826 1483 1867; x_wconf 90' lang='lat' dir='ltr'>Piso</span> <span class='ocrx_word' id='word_1_180' title='bbox 1517 1840 1666 1868; x_wconf 90' lang='lat' dir='ltr'>versa-</span> 
     </span>
     <span class='ocr_line' id='line_1_23' title="bbox 59 1906 1664 1961; baseline -0.002 -10"><span class='ocrx_word' id='word_1_181' title='bbox 59 1909 191 1952; x_wconf 90' lang='lat' dir='ltr'>batur</span> <span class='ocrx_word' id='word_1_182' title='bbox 237 1910 283 1951; x_wconf 86' lang='lat' dir='ltr'>in</span> <span class='ocrx_word' id='word_1_183' title='bbox 329 1909 437 1951; x_wconf 90' lang='lat' dir='ltr'>aula</span> <span class='ocrx_word' id='word_1_184' title='bbox 482 1909 690 1950; x_wconf 81' lang='lat' dir='ltr'>Neronis.</span> <span class='ocrx_word' id='word_1_185' title='bbox 741 1908 824 1949; x_wconf 89' lang='lat' dir='ltr'>Illa</span> <span class='ocrx_word' id='word_1_186' title='bbox 871 1921 994 1957; x_wconf 88' lang='lat' dir='ltr'>vero,</span> <span class='ocrx_word' id='word_1_187' title='bbox 1042 1906 1227 1948; x_wconf 89' lang='lat' dir='ltr'>Tacitus</span> <span class='ocrx_word' id='word_1_188' title='bbox 1274 1906 1352 1956; x_wconf 86' lang='lat' dir='ltr'>ait,</span> <span class='ocrx_word' id='word_1_189' title='bbox 1406 1920 1485 1959; x_wconf 87' lang='lat' dir='ltr'>„eo</span> <span class='ocrx_word' id='word_1_190' title='bbox 1535 1906 1664 1961; x_wconf 94' lang='lat' dir='ltr'>plura</span> 
     </span>
     <span class='ocr_line' id='line_1_24' title="bbox 58 1987 1663 2043; baseline -0.002 -11"><span class='ocrx_word' id='word_1_191' title='bbox 58 1996 215 2032; x_wconf 88' lang='lat' dir='ltr'>erant.</span> <span class='ocrx_word' id='word_1_192' title='bbox 236 2022 246 2031; x_wconf 87' lang='lat'>.</span> <span class='ocrx_word' id='word_1_193' title='bbox 266 2022 275 2031; x_wconf 94' lang='lat'>.</span> <span class='ocrx_word' id='word_1_194' title='bbox 295 1989 336 2031; x_wconf 91' lang='grc'>.”</span> <span class='ocrx_word' id='word_1_195' title='bbox 370 1988 485 2031; x_wconf 84' lang='lat' dir='ltr'>Cur?</span> <span class='ocrx_word' id='word_1_196' title='bbox 520 1989 638 2043; x_wconf 90' lang='lat' dir='ltr'>Quia</span> <span class='ocrx_word' id='word_1_197' title='bbox 670 1989 808 2029; x_wconf 91' lang='lat' dir='ltr'>etiam</span> <span class='ocrx_word' id='word_1_198' title='bbox 841 1994 938 2029; x_wconf 92' lang='lat' dir='ltr'>tum</span> <span class='ocrx_word' id='word_1_199' title='bbox 968 1988 1151 2043; x_wconf 80' lang='lat' dir='ltr'>speciem</span> <span class='ocrx_word' id='word_1_200' title='bbox 1184 1988 1408 2029; x_wconf 78' lang='lat' dir='ltr'>amicitiae</span> <span class='ocrx_word' id='word_1_201' title='bbox 1434 1987 1663 2029; x_wconf 80' lang='lat' dir='ltr'>retinebat.</span> 
     </span>
    </p>
   </div>
   <div class='ocr_carea' id='block_1_9' title="bbox 31 2066 1665 2125">
    <p class='ocr_par' dir='ltr' id='par_1_9' title="bbox 31 2066 1665 2125">
     <span class='ocr_line' id='line_1_25' title="bbox 31 2066 1665 2125; baseline -0.002 -13"><span class='ocrx_word' id='word_1_202' title='bbox 31 2071 161 2112; x_wconf 51' lang='lat' dir='ltr'>*Hoc</span> <span class='ocrx_word' id='word_1_203' title='bbox 204 2070 314 2125; x_wconf 91' lang='lat' dir='ltr'>quid</span> <span class='ocrx_word' id='word_1_204' title='bbox 358 2068 456 2111; x_wconf 88' lang='lat' dir='ltr'>est?</span> <span class='ocrx_word' id='word_1_205' title='bbox 488 2068 726 2123; x_wconf 79' lang='lat' dir='ltr'>Quaenam</span> <span class='ocrx_word' id='word_1_206' title='bbox 759 2083 828 2110; x_wconf 89' lang='lat' dir='ltr'>res</span> <span class='ocrx_word' id='word_1_207' title='bbox 862 2069 965 2109; x_wconf 90' lang='lat' dir='ltr'>huic</span> <span class='ocrx_word' id='word_1_208' title='bbox 999 2068 1227 2109; x_wconf 91' lang='lat' dir='ltr'>contraria</span> <span class='ocrx_word' id='word_1_209' title='bbox 1260 2068 1449 2121; x_wconf 85' lang='lat' dir='ltr'>cogitari</span> <span class='ocrx_word' id='word_1_210' title='bbox 1485 2066 1665 2122; x_wconf 87' lang='lat' dir='ltr'>potest?</span> 
     </span>
    </p>
   </div>
   <div class='ocr_carea' id='block_1_10' title="bbox 57 2147 1665 2767">
    <p class='ocr_par' dir='ltr' id='par_1_10' title="bbox 57 2147 1665 2767">
     <span class='ocr_line' id='line_1_26' title="bbox 59 2147 1665 2207; baseline -0.004 -14"><span class='ocrx_word' id='word_1_211' title='bbox 59 2151 242 2207; x_wconf 87' lang='lat' dir='ltr'>Nempe</span> <span class='ocrx_word' id='word_1_212' title='bbox 269 2149 427 2206; x_wconf 84' lang='lat' dir='ltr'>palam</span> <span class='ocrx_word' id='word_1_213' title='bbox 460 2150 634 2191; x_wconf 83' lang='lat' dir='ltr'>Neroni</span> <span class='ocrx_word' id='word_1_214' title='bbox 664 2150 909 2191; x_wconf 80' lang='lat' dir='ltr'>amicitiam</span> <span class='ocrx_word' id='word_1_215' title='bbox 943 2149 1218 2190; x_wconf 80' lang='lat' dir='ltr'>renuntiare.</span> <span class='ocrx_word' id='word_1_216' title='bbox 1255 2148 1358 2188; x_wconf 90' lang='lat' dir='ltr'>Hoc</span> <span class='ocrx_word' id='word_1_217' title='bbox 1391 2161 1500 2202; x_wconf 90' lang='lat' dir='ltr'>ergo</span> <span class='ocrx_word' id='word_1_218' title='bbox 1534 2148 1568 2188; x_wconf 92' lang='lat' dir='ltr'>si</span> <span class='ocrx_word' id='word_1_219' title='bbox 1603 2147 1665 2188; x_wconf 88' lang='lat' dir='ltr'>fe-</span> 
     </span>
     <span class='ocr_line' id='line_1_27' title="bbox 58 2226 1662 2282; baseline -0.004 -9"><span class='ocrx_word' id='word_1_220' title='bbox 58 2231 195 2272; x_wconf 85' lang='lat' dir='ltr'>cisset</span> <span class='ocrx_word' id='word_1_221' title='bbox 237 2229 444 2280; x_wconf 89' lang='lat' dir='ltr'>Senecio,</span> <span class='ocrx_word' id='word_1_222' title='bbox 488 2243 595 2271; x_wconf 91' lang='lat' dir='ltr'>num</span> <span class='ocrx_word' id='word_1_223' title='bbox 633 2231 678 2271; x_wconf 92' lang='lat' dir='ltr'>in</span> <span class='ocrx_word' id='word_1_224' title='bbox 712 2230 882 2270; x_wconf 82' lang='lat' dir='ltr'>minore</span> <span class='ocrx_word' id='word_1_225' title='bbox 913 2228 1114 2282; x_wconf 89' lang='lat' dir='ltr'>periculo</span> <span class='ocrx_word' id='word_1_226' title='bbox 1149 2227 1322 2269; x_wconf 78' lang='lat' dir='ltr'>futurus</span> <span class='ocrx_word' id='word_1_227' title='bbox 1356 2226 1480 2269; x_wconf 91' lang='lat' dir='ltr'>erat?</span> <span class='ocrx_word' id='word_1_228' title='bbox 1514 2228 1662 2268; x_wconf 91' lang='lat' dir='ltr'>Immo</span> 
     </span>
     <span class='ocr_line' id='line_1_28' title="bbox 59 2308 1663 2366; baseline -0.002 -13"><span class='ocrx_word' id='word_1_229' title='bbox 59 2325 182 2362; x_wconf 88' lang='lat' dir='ltr'>vero,</span> <span class='ocrx_word' id='word_1_230' title='bbox 210 2312 286 2366; x_wconf 91' lang='lat' dir='ltr'>qui</span> <span class='ocrx_word' id='word_1_231' title='bbox 315 2325 373 2352; x_wconf 88' lang='lat' dir='ltr'>ex</span> <span class='ocrx_word' id='word_1_232' title='bbox 399 2311 559 2352; x_wconf 89' lang='lat' dir='ltr'>intima</span> <span class='ocrx_word' id='word_1_233' title='bbox 587 2310 893 2351; x_wconf 87' lang='lat' dir='ltr'>familiaritate</span> <span class='ocrx_word' id='word_1_234' title='bbox 922 2309 1118 2349; x_wconf 89' lang='lat' dir='ltr'>Neronis</span> <span class='ocrx_word' id='word_1_235' title='bbox 1146 2309 1375 2363; x_wconf 90' lang='lat' dir='ltr'>particeps</span> <span class='ocrx_word' id='word_1_236' title='bbox 1404 2308 1454 2349; x_wconf 91' lang='lat' dir='ltr'>fit</span> <span class='ocrx_word' id='word_1_237' title='bbox 1476 2308 1663 2349; x_wconf 90' lang='lat' dir='ltr'>alicuius</span> 
     </span>
     <span class='ocr_line' id='line_1_29' title="bbox 58 2390 1663 2444; baseline -0.003 -10"><span class='ocrx_word' id='word_1_238' title='bbox 58 2398 219 2434; x_wconf 91' lang='lat' dir='ltr'>contra</span> <span class='ocrx_word' id='word_1_239' title='bbox 246 2392 477 2433; x_wconf 88' lang='lat' dir='ltr'>Neronem</span> <span class='ocrx_word' id='word_1_240' title='bbox 506 2391 843 2440; x_wconf 86' lang='lat' dir='ltr'>coniurationis,</span> <span class='ocrx_word' id='word_1_241' title='bbox 872 2390 975 2431; x_wconf 91' lang='lat' dir='ltr'>huic</span> <span class='ocrx_word' id='word_1_242' title='bbox 1005 2395 1129 2430; x_wconf 88' lang='lat' dir='ltr'>certa</span> <span class='ocrx_word' id='word_1_243' title='bbox 1158 2395 1226 2430; x_wconf 91' lang='lat' dir='ltr'>est</span> <span class='ocrx_word' id='word_1_244' title='bbox 1251 2395 1409 2443; x_wconf 89' lang='lat' dir='ltr'>parata</span> <span class='ocrx_word' id='word_1_245' title='bbox 1426 2390 1663 2444; x_wconf 87' lang='lat' dir='ltr'>pernicies,</span> 
     </span>
     <span class='ocr_line' id='line_1_30' title="bbox 59 2469 1663 2525; baseline -0.002 -11"><span class='ocrx_word' id='word_1_246' title='bbox 59 2473 143 2515; x_wconf 89' lang='lat' dir='ltr'>nisi</span> <span class='ocrx_word' id='word_1_247' title='bbox 186 2473 396 2514; x_wconf 90' lang='lat' dir='ltr'>omnibus</span> <span class='ocrx_word' id='word_1_248' title='bbox 440 2473 587 2514; x_wconf 92' lang='lat' dir='ltr'>modis</span> <span class='ocrx_word' id='word_1_249' title='bbox 630 2473 708 2513; x_wconf 90' lang='lat' dir='ltr'>dat</span> <span class='ocrx_word' id='word_1_250' title='bbox 751 2484 938 2525; x_wconf 85' lang='lat' dir='ltr'>operam</span> <span class='ocrx_word' id='word_1_251' title='bbox 981 2475 1030 2510; x_wconf 92' lang='lat' dir='ltr'>ut</span> <span class='ocrx_word' id='word_1_252' title='bbox 1074 2470 1245 2510; x_wconf 90' lang='lat' dir='ltr'>amicus</span> <span class='ocrx_word' id='word_1_253' title='bbox 1291 2470 1486 2510; x_wconf 90' lang='lat' dir='ltr'>Neronis</span> <span class='ocrx_word' id='word_1_254' title='bbox 1519 2469 1663 2511; x_wconf 90' lang='lat' dir='ltr'>videri</span> 
     </span>
     <span class='ocr_line' id='line_1_31' title="bbox 59 2549 1661 2608; baseline -0.003 -13"><span class='ocrx_word' id='word_1_255' title='bbox 59 2559 233 2608; x_wconf 86' lang='lat' dir='ltr'>pergat.</span> <span class='ocrx_word' id='word_1_256' title='bbox 262 2552 436 2607; x_wconf 92' lang='lat' dir='ltr'>Quodsi</span> <span class='ocrx_word' id='word_1_257' title='bbox 466 2553 566 2607; x_wconf 92' lang='lat' dir='ltr'>quis</span> <span class='ocrx_word' id='word_1_258' title='bbox 594 2551 910 2606; x_wconf 88' lang='lat' dir='ltr'>philosophice</span> <span class='ocrx_word' id='word_1_259' title='bbox 940 2564 1035 2591; x_wconf 90' lang='lat' dir='ltr'>rem</span> <span class='ocrx_word' id='word_1_260' title='bbox 1063 2550 1335 2600; x_wconf 90' lang='lat' dir='ltr'>consideret,</span> <span class='ocrx_word' id='word_1_261' title='bbox 1354 2564 1457 2590; x_wconf 92' lang='lat' dir='ltr'>cum</span> <span class='ocrx_word' id='word_1_262' title='bbox 1477 2549 1661 2590; x_wconf 86' lang='lat' dir='ltr'>Nerone</span> 
     </span>
     <span class='ocr_line' id='line_1_32' title="bbox 57 2630 1662 2684; baseline -0.002 -9"><span class='ocrx_word' id='word_1_263' title='bbox 57 2647 212 2675; x_wconf 82' lang='lat' dir='ltr'>veram</span> <span class='ocrx_word' id='word_1_264' title='bbox 265 2633 510 2675; x_wconf 85' lang='lat' dir='ltr'>amicitiam</span> <span class='ocrx_word' id='word_1_265' title='bbox 559 2646 655 2673; x_wconf 89' lang='lat' dir='ltr'>esse</span> <span class='ocrx_word' id='word_1_266' title='bbox 705 2645 795 2672; x_wconf 92' lang='lat' dir='ltr'>non</span> <span class='ocrx_word' id='word_1_267' title='bbox 845 2644 977 2684; x_wconf 89' lang='lat' dir='ltr'>posse</span> <span class='ocrx_word' id='word_1_268' title='bbox 1026 2630 1162 2678; x_wconf 90' lang='lat' dir='ltr'>dicat,</span> <span class='ocrx_word' id='word_1_269' title='bbox 1211 2630 1290 2671; x_wconf 89' lang='lat' dir='ltr'>sed</span> <span class='ocrx_word' id='word_1_270' title='bbox 1339 2631 1662 2672; x_wconf 87' lang='lat' dir='ltr'>tantummodo</span> 
     </span>
     <span class='ocr_line' id='line_1_33' title="bbox 58 2709 1662 2767; baseline -0.003 -12"><span class='ocrx_word' id='word_1_271' title='bbox 58 2714 281 2755; x_wconf 83' lang='lat' dir='ltr'>amicitiae</span> <span class='ocrx_word' id='word_1_272' title='bbox 319 2714 514 2767; x_wconf 81' lang='lat' dir='ltr'>speciem,</span> <span class='ocrx_word' id='word_1_273' title='bbox 559 2726 668 2766; x_wconf 85' lang='lat' dir='ltr'>ergo</span> <span class='ocrx_word' id='word_1_274' title='bbox 707 2712 790 2752; x_wconf 86' lang='lat' dir='ltr'>hac</span> <span class='ocrx_word' id='word_1_275' title='bbox 824 2711 869 2751; x_wconf 90' lang='lat' dir='ltr'>in</span> <span class='ocrx_word' id='word_1_276' title='bbox 904 2724 950 2751; x_wconf 92' lang='lat' dir='ltr'>re</span> <span class='ocrx_word' id='word_1_277' title='bbox 985 2709 1286 2751; x_wconf 90' lang='lat' dir='ltr'>Senecionem</span> <span class='ocrx_word' id='word_1_278' title='bbox 1318 2724 1345 2751; x_wconf 90' lang='lat' dir='ltr'>a</span> <span class='ocrx_word' id='word_1_279' title='bbox 1377 2710 1540 2751; x_wconf 93' lang='lat' dir='ltr'>ceteris</span> <span class='ocrx_word' id='word_1_280' title='bbox 1573 2710 1662 2751; x_wconf 90' lang='lat' dir='ltr'>Ne-</span> 
     </span>
    </p>
   </div>
   <div class='ocr_carea' id='block_1_11' title="bbox 58 2790 1663 2846">
    <p class='ocr_par' dir='ltr' id='par_1_11' title="bbox 58 2790 1663 2846">
     <span class='ocr_line' id='line_1_34' title="bbox 58 2790 1663 2846; baseline -0.002 -11"><span class='ocrx_word' id='word_1_281' title='bbox 58 2794 180 2835; x_wconf 90' lang='lat' dir='ltr'>ronis</span> <span class='ocrx_word' id='word_1_282' title='bbox 222 2793 515 2835; x_wconf 85' lang='lat' dir='ltr'>familiaribus</span> <span class='ocrx_word' id='word_1_283' title='bbox 558 2793 911 2846; x_wconf 91' lang='lat' dir='ltr'>haudquaquam</span> <span class='ocrx_word' id='word_1_284' title='bbox 956 2790 1149 2831; x_wconf 89' lang='lat' dir='ltr'>differre.</span> <span class='ocrx_word' id='word_1_285' title='bbox 1194 2790 1260 2831; x_wconf 91' lang='lat' dir='ltr'>At</span> <span class='ocrx_word' id='word_1_286' title='bbox 1303 2792 1426 2845; x_wconf 93' lang='lat' dir='ltr'>quod</span> <span class='ocrx_word' id='word_1_287' title='bbox 1469 2790 1663 2833; x_wconf 90' lang='lat' dir='ltr'>Senecio</span> 
     </span>
    </p>
   </div>
   <div class='ocr_carea' id='block_1_12' title="bbox 0 2870 1662 2928">
    <p class='ocr_par' dir='ltr' id='par_1_12' title="bbox 0 2870 1662 2928">
     <span class='ocr_line' id='line_1_35' title="bbox 0 2870 1662 2928; baseline -0.002 -12"><span class='ocrx_word' id='word_1_288' title='bbox 0 2891 22 2907; x_wconf 56' lang='lat'>2</span> <span class='ocrx_word' id='word_1_289' title='bbox 59 2873 166 2916; x_wconf 84' lang='lat' dir='ltr'>facit</span> <span class='ocrx_word' id='word_1_290' title='bbox 198 2875 431 2928; x_wconf 91' lang='lat' dir='ltr'>proprium</span> <span class='ocrx_word' id='word_1_291' title='bbox 465 2874 635 2928; x_wconf 91' lang='lat' dir='ltr'>aliquid</span> <span class='ocrx_word' id='word_1_292' title='bbox 670 2878 716 2914; x_wconf 87' lang='lat' dir='ltr'>et</span> <span class='ocrx_word' id='word_1_293' title='bbox 745 2871 971 2927; x_wconf 90' lang='lat' dir='ltr'>peculiare</span> <span class='ocrx_word' id='word_1_294' title='bbox 999 2884 1096 2911; x_wconf 89' lang='lat' dir='ltr'>esse</span> <span class='ocrx_word' id='word_1_295' title='bbox 1124 2870 1277 2912; x_wconf 87' lang='lat' dir='ltr'>debet.</span> <span class='ocrx_word' id='word_1_296' title='bbox 1308 2871 1391 2912; x_wconf 89' lang='lat' dir='ltr'>Est</span> <span class='ocrx_word' id='word_1_297' title='bbox 1417 2885 1475 2912; x_wconf 86' lang='lat' dir='ltr'>ex</span> <span class='ocrx_word' id='word_1_298' title='bbox 1502 2871 1662 2912; x_wconf 91' lang='lat' dir='ltr'>intima</span> 
     </span>
    </p>
   </div>
   <div class='ocr_carea' id='block_1_13' title="bbox 59 2951 1662 3006">
    <p class='ocr_par' dir='ltr' id='par_1_13' title="bbox 59 2951 1662 3006">
     <span class='ocr_line' id='line_1_36' title="bbox 59 2951 1662 3006; baseline -0.002 -10"><span class='ocrx_word' id='word_1_299' title='bbox 59 2953 362 2997; x_wconf 87' lang='lat' dir='ltr'>familiaritate</span> <span class='ocrx_word' id='word_1_300' title='bbox 406 2954 615 3003; x_wconf 90' lang='lat' dir='ltr'>Neronis,</span> <span class='ocrx_word' id='word_1_301' title='bbox 650 2967 768 2994; x_wconf 91' lang='lat' dir='ltr'>nunc</span> <span class='ocrx_word' id='word_1_302' title='bbox 802 2952 862 2993; x_wconf 90' lang='lat' dir='ltr'>illi</span> <span class='ocrx_word' id='word_1_303' title='bbox 897 2952 1139 3006; x_wconf 89' lang='lat' dir='ltr'>praecipue</span> <span class='ocrx_word' id='word_1_304' title='bbox 1172 2965 1227 2992; x_wconf 91' lang='lat' dir='ltr'>eo</span> <span class='ocrx_word' id='word_1_305' title='bbox 1261 2951 1389 3006; x_wconf 87' lang='lat' dir='ltr'>plura</span> <span class='ocrx_word' id='word_1_306' title='bbox 1421 2953 1662 2993; x_wconf 92' lang='lat' dir='ltr'>imminent</span> 
     </span>
    </p>
   </div>
  </div>
 </body>
</html>
