2040 3412
870 276 920 320 25

39 385 165 438 {alii
196 387 339 437 aliter,
373 387 453 429 sed
487 400 646 428 omnes
678 393 747 428 sat
780 387 981 429 violenta
1015 387 1205 438 medela,
1239 387 1432 430 salutem
1464 387 1504 429 ei
1541 387 1698 428 afferre

52 467 244 519 {eonati
285 472 404 517 sunt,
449 480 540 508 uno
577 467 719 508 verbo
752 473 875 509 recte
909 464 1144 510 intellecto
1176 467 1406 510 lenissima
1439 468 1700 510 coniectura

45 532 142 611 'affin
172 548 400 602 integrum
433 551 587 602 potest
620 547 810 589 restitui.

150 627 210 671 H.
243 627 301 678 II,
333 639 376 680 4.
409 626 550 668 Tres.
570 659 579 668 .
600 659 609 668 .
645 627 730 682 ipsi
764 627 1050 682 Vespasiano
1083 627 1286 682 legiones
1315 633 1443 669 erant
1472 627 1699 669 exercitae

45 698 236 767 Ji‘bello:
280 713 496 763 quattuor
542 708 779 750 Mucianus
817 708 1059 750 obtinebat
1092 696 1136 750 in
1171 722 1307 763 pace;
1340 709 1420 751 sed
1456 708 1701 750 aemulatio

34 786 139 853 Jet
169 788 367 844 proximi
401 788 627 830 exercitus
659 787 803 842 gloria
837 775 1075 842 depulerat
1102 789 1358 842 segnitiam,
1388 794 1701 842 quantumque

40 868 182 913 inis
213 868 388 910 roboris
421 868 681 910 discrimina
714 873 760 909 et
787 867 931 918 labor,
963 874 1142 910 tantum
1170 868 1239 910 his
1266 869 1434 923 vigoris
1461 869 1702 910 addiderat

31 938 73 1012 «Δὶ-,ί
90 949 270 1005 integra
296 950 431 1004 quies
462 957 505 992 et
534 950 758 1004 inexperti
786 949 889 991 belli
920 949 1060 991 labor.

104 1024 109 1029 ’
153 1029 228 1074 Sic
260 1035 328 1072 est
361 1030 407 1071 in
441 1029 614 1080 codice,
646 1030 743 1071 sine
775 1043 937 1091 sensu5
959 1030 1056 1071 Iam
1090 1044 1182 1071 vox
1208 1030 1334 1071 labor
1362 1043 1453 1071 non
1481 1034 1550 1071 est
1578 1029 1702 1083 quod

31 1110 47 1136 ’ἶ
92 1096 177 1153 nos
208 1115 422 1160 moretur,
456 1124 558 1152 eam
591 1110 713 1151 enim
737 1124 771 1152 ve
804 1110 1012 1165 proxime
1046 1110 1428 1165 praecedentibus
1460 1109 1548 1151 huc
1575 1109 1703 1151 aber-

31 1181 214 1252 ⁵⁵l.3rasse
254 1191 543 1246 perspicuum
587 1195 669 1232 est.
714 1190 784 1231 De
827 1191 989 1231 ceteris
1031 1190 1280 1232 videamus.
1326 1189 1447 1244 Quid
1491 1190 1600 1231 illud
1635 1194 1704 1230 est

28 1259 63 1303 ἕ
94 1271 220 1326 quod
264 1270 482 1312 militibus
523 1271 723 1326 vigorem
767 1271 875 1311 dare
919 1271 1063 1325 possit
1100 1271 1238 1312 etiam
1272 1284 1375 1312 cum
1408 1269 1577 1312 bellum
1611 1283 1702 1311 non

38 1342 74 1366 7
97 1350 290 1408 gerunt?

19 1423 30 1494 J
156 1432 278 1477 Num
328 1432 477 1487 ipsum
525 1431 635 1473 illud
679 1433 798 1486 quod
837 1446 927 1473 non
972 1430 1206 1486 pugnant?
1249 1432 1351 1473 Hoc
1396 1431 1704 1486 Nipperdeius

98 1518 282 1569 putasse
322 1513 516 1563 videtur,
558 1513 754 1554 coniecit
797 1513 919 1553 enim
961 1520 1003 1554 et
1039 1513 1316 1567 inexpertum
1348 1512 1520 1562 bellum,
1554 1524 1703 1565 neque

102 1593 246 1636 multo
289 1592 512 1635 feliciores
549 1592 688 1634 ceteri
724 1592 859 1634 fuisse
892 1593 1105 1633 videntur
1138 1592 1295 1642 critici,
1331 1592 1406 1646 qui
1442 1592 1561 1633 hunc
1593 1597 1710 1632 trac-

33 1687 41 1731 ᾗ
100 1679 254 1716 tarunt
297 1673 461 1715 locum.
506 1673 558 1714 In
603 1673 768 1714 eodem
812 1673 933 1713 enirn
977 1686 1127 1714 errore
1172 1672 1335 1719 versati
1381 1677 1484 1713 sunt
1528 1685 1708 1713 omnes:

52 1751 324 1810 ‘integram
368 1754 569 1808 quietem
615 1767 711 1794 esse
755 1758 973 1807 putarunt
1017 1753 1219 1807 quietem
1265 1766 1496 1807 nunquam
1535 1757 1710 1806 pertur-

27 1835 43 1864 ἕ
100 1833 278 1886 batam;
307 1835 433 1888 quasi
463 1848 572 1875 vero
600 1833 675 1875 illa
703 1847 904 1887 unquam
934 1833 1066 1874 fuerit
1094 1834 1268 1888 vigoris
1295 1846 1441 1874 causa.
1471 1833 1522 1873 In
1542 1832 1708 1873 Ritteri

98 1919 221 1956 certe
263 1901 642 1968 interpretatione
684 1913 910 1955 vocabula
950 1913 1165 1967 legimus:
1215 1913 1341 1966 „eine
1376 1912 1707 1966 ungef'ahrdete

101 1994 295 2036 Ruhe”.·
322 1994 413 2037 Sed
456 2008 548 2036 non
592 1982 709 2035 hanc
754 1993 1031 2035 adiectivum
1066 1994 1234 2048 integer
1266 1993 1358 2036 vim
1393 1993 1554 2043 habet;
1588 1993 1709 2046 quies

24 2060 30 2066 Γ
100 2075 279 2131 integra
322 2081 391 2116 est
434 2076 561 2130 quies
604 2074 747 2115 libera
786 2074 907 2117 vitiis
939 2088 1056 2128 quae
1089 2087 1225 2128 saepe
1259 2074 1387 2128 quies
1419 2074 1550 2115 affert
1583 2086 1709 2114 exer-

102 2155 233 2198 citui:
277 2155 519 2210 pigritiam,
563 2155 916 2204 immodestiam,
960 2159 1116 2208 raptus
1159 2159 1297 2208 atque
1340 2153 1578 2194 luxuriem.
1619 2153 1710 2193 Res

105 2235 258 2278 multis
300 2241 454 2290 potest
495 2235 705 2277 illustrari
749 2234 985 2289 exemplis,
1019 2234 1100 2275 sed
1135 2235 1481 2275 disertissimum
1513 2233 1600 2274 hoc
1635 2233 1709 2286 (II,

21 2299 54 2364 ,ῘᾸ
103 2316 200 2372 97):
240 2298 491 2370 „integrum
524 2315 613 2357 illic
641 2315 702 2370 (in
731 2314 904 2369 Africa)
932 2329 984 2356 ac
1012 2314 1308 2356 favorabilem
1338 2313 1709 2368 proconsulatum

22 2391 39 2439 [7
71 2404 74 2406 ’
106 2396 333 2447 Vitellius,
376 2396 601 2438 famosum
643 2396 931 2449 invisumque
967 2394 1277 2449 Vespasianus
1310 2393 1509 2448 egerat’'.
1545 2393 1708 2447 Saepe,

21 2472 29 2478 ’
104 2491 162 2520 ne
208 2477 475 2533 plerumque
524 2477 688 2526 dicam,
739 2475 1032 2530 proconsules
1075 2475 1119 2516 in
1165 2475 1410 2529 provinciis
1452 2474 1620 2528 rapinis
1665 2478 1710 2514 et

103 2557 371 2600 crudelitate
413 2572 461 2599 se
504 2570 763 2610 nomenque
808 2556 1068 2597 Romanum
1112 2554 1463 2604 commaculant,
1506 2553 1583 2607 qui
1621 2552 1708 2594 cle-

105 2643 280 2681 menter
307 2638 589 2693 provinciam
620 2637 737 2678 rexit
765 2637 859 2678 eius
882 2638 1052 2691 integer
1070 2641 1138 2677 est
1156 2629 1514 2690 proconsulatus.
1534 2633 1708 2688 Quodsi

19 2772 24 2778 ,
105 2720 206 2774 quis
246 2710 498 2761 contendat
539 2719 734 2760 arctiore
776 2731 909 2758 sensu
947 2717 1009 2758 ibi
1043 2730 1141 2758 esse
1174 2715 1492 2770 accipiendum
1524 2714 1735 2756 adiecti-⁸

22 2833 44 2854 ,Ἀ
106 2813 228 2850 vum,
271 2800 499 2853 integrum
541 2812 638 2840 esse
682 2811 785 2839 eum
829 2797 904 2851 qui
950 2810 1110 2838 manus
1147 2796 1376 2837 abstineat
1408 2794 1566 2836 alienis
1598 2795 1711 2835 inte-

42 2880 44 2882 ’
108 2893 328 2934 grumque
362 2881 457 2921 eius
490 2879 875 2934 proconsulatum,
905 2891 996 2919 non
1025 2877 1264 2932 obloquor,
1294 2889 1442 2930 neque
1471 2875 1713 2929 quominus

53 2950 57 2952 i
110 2961 167 3002 de
195 2961 373 3016 integra
399 2961 539 3014 quiete
564 2960 687 3001 idem
715 2963 966 3000 statuamus
988 2957 1247 2999 intercedo:
1267 2956 1516 2998 rectissime
1534 2956 1712 3010 integra
