2040 3412
423 29 429 38 .
451 16 518 36 xm.
518 12 613 46 ······

861 331 942 376 179

31 415 42 430 ³:
79 441 384 496 irrumpendi
429 440 618 482 verbum
662 446 879 495 ponatur,
923 441 1000 482 ubi
1045 440 1167 482 nullo
1213 440 1350 483 modo
1393 441 1495 483 ferri
1541 442 1697 496 possit.

31 586 57 659 f
161 601 221 644 A.
265 601 324 651 V,
368 601 408 643 6.
445 600 657 642 Refertur
689 595 835 642 orati‘o
869 601 1108 655 quaedam,
1143 616 1280 656 quam
1314 608 1418 657 post
1451 602 1602 646 Seiani
1636 603 1700 644 in-

28 668 284 742 teritum
332 680 494 735 aliquis
541 694 599 722 ex
647 681 742 722 eius
784 681 954 731 amicis,
998 681 1087 722 iam
1120 687 1166 723 et
1208 682 1304 737 ipse
1348 683 1392 724 in
1436 697 1696 738 supremum

30 789 66 861 ζ,
100 762 325 807 'adductus
367 761 622 811 discrimen,
668 761 792 802 domi
824 761 880 802 ad
916 762 1087 803 amicos
1120 762 1292 803 habuit.
1322 749 1451 804 *Eius
1485 764 1701 805 orationis

49 842 423 886 tantummodo
463 841 623 908 ultima
666 855 770 896 pars
810 847 1030 896 superest,
1073 843 1118 883 in
1161 856 1250 896 qua
1293 848 1339 884 et
1381 842 1468 885 alia
1510 849 1556 885 et
1590 843 1701 885 haec

33 922 71 961 i
99 921 334 978 leguntur:

52 1056 54 1058 ,
167 1002 339 1056 „Versa
380 1007 449 1044 est
491 1001 673 1043 fortuna
706 1007 752 1043 et
783 971 857 1043 ille
891 1002 1090 1057 quidem,
1125 1004 1202 1057 qui
1235 1003 1458 1059 collegam
1491 1010 1537 1046 et
1567 1019 1704 1059 gene-

101 1095 203 1125 rum
233 1082 490 1124 adsciverat
524 1082 599 1136 (sc.
634 1080 880 1137 Seianum),
913 1083 998 1124 sibi
1028 1083 1245 1137 ignoscit3
1274 1085 1426 1135 ceteri,
1456 1099 1593 1139 quern
1623 1099 1703 1140 per

58 1162 331 1205 dedecora
362 1161 530 1211 fovere,
565 1176 669 1204 cum
701 1162 870 1204 scelere
903 1163 1227 1205 insectantur?

38 1288 75 1309 5
164 1241 267 1298 Quo
310 1256 405 1305 iure
438 1248 484 1284 et
517 1256 608 1297 quo
640 1256 774 1284 sensu
809 1243 1018 1284 ‘liberius
1051 1243 1124 1285 hic
1156 1244 1244 1285 si'bz
1272 1245 1495 1299 ignoscere
1527 1246 1704 1287 dicatur

103 1322 266 1366 frustra
307 1337 492 1378 quaero,
537 1337 684 1378 neque
728 1323 932 1377 intelligo
966 1337 1057 1377 quo
1092 1325 1230 1365 modo
1265 1339 1385 1366 nunc
1418 1325 1626 1368 Tiberius
1659 1331 1706 1367 et

91 1403 242 1463 ceteri
270 1404 388 1445 inter
415 1417 462 1445 se
491 1408 796 1458 opponantur.
827 1403 896 1445 De
925 1405 1087 1445 ceteris
1111 1405 1367 1446 autemillis
1385 1406 1494 1459 quid
1514 1405 1706 1447 dicitur?

106 1483 316 1527 Graviter
348 1485 610 1526 incusantur
642 1484 765 1539 quod
800 1490 980 1526 mortuo
1014 1484 1180 1527 Seiano
1214 1486 1431 1527 insultent
1465 1487 1509 1528 in
1543 1487 1709 1528 iudicia

105 1564 389 1607 adducentes
437 1564 678 1606 familiares
726 1565 821 1628 eius
869 1571 1195 1619 cognatosque,
1245 1579 1346 1607 cum
1396 1566 1479 1620 ipsi
1525 1581 1708 1621 quoque

26 1642 64 1702 323,
106 1643 353 1699 aliquando
398 1644 549 1687 Seiani
591 1645 736 1700 gratia
779 1644 1026 1686 floruerint.
1077 1646 1147 1686 De
1191 1646 1259 1687 his
1292 1660 1400 1700 ergo
1433 1647 1492 1688 ab
1525 1647 1710 1689 homine

30 1706 59 1761 ἶ
107 1724 290 1767 iamiam
333 1726 553 1767 morituro
596 1726 745 1780 gravis
779 1726 1099 1780 pronuntiatur
1130 1727 1371 1768 sententia.
1421 1728 1492 1768 De
1525 1728 1711 1770 Tiberio

44 1790 231 1855 vJ'verO,
275 1805 424 1847 omnis
465 1805 581 1847 illius
624 1805 842 1860 perfidiae
886 1811 1083 1855 auctore,
1107 1806 1238 1859 quid
1282 1806 1458 1856 dicitur,
1495 1806 1567 1848 vel
1600 1807 1709 1861 quid

108 1891 232 1928 recte
263 1885 310 1927 in
342 1885 422 1927 tali
454 1891 674 1927 contextu
708 1886 796 1927 dici
825 1885 1006 1940 potest?
1036 1886 1173 1936 Nihil,
1203 1892 1251 1927 ut
1280 1887 1456 1941 opinor,
1487 1887 1570 1929 nisi
1599 1888 1709 1929 hoc:

57 1955 62 1962 Ἀ
174 1966 380 2020 „gravius
412 1980 509 2007 esse
542 1967 636 2008 eius
668 1966 814 2008 scelus
846 1981 983 2020 quam
1018 1967 1141 2021 quod
1170 1967 1320 2008 verbis
1348 1969 1495 2009 notari
1524 1968 1710 2022 possit.”

171 2045 242 2088 De
283 2046 469 2096 Tiberio
506 2060 614 2101 ergo
647 2046 761 2096 silet,
797 2061 888 2088 non
922 2048 1046 2100 quod
1080 2048 1239 2088 timeat
1273 2061 1390 2098 eum,
1424 2048 1481 2089 ad
1517 2055 1712 2090 mortem

38 2129 62 2177 ξ’
110 2125 233 2186 enim
266 2132 335 2168 est
368 2133 565 2182 paratus,
599 2127 679 2168 sed
714 2127 820 2181 quia
853 2126 1064 2181 intelligit
1096 2127 1168 2168 hic
1196 2128 1319 2168 omni
1350 2129 1554 2169 oratione
1582 2129 1714 2170 silen—

113 2206 227 2248 tium
269 2207 478 2249 disertius
522 2221 632 2248 esse.
682 2208 752 2249 De
796 2208 958 2248 ceteris
1003 2207 1173 2248 iudicat
1210 2208 1319 2261 ipse,
1354 2208 1589 2250 Tiberium
1623 2210 1714 2251 suis

43 2271 59 2311 ’ἰ
113 2286 260 2343 ipsum
294 2288 648 2342 cogitationibus
680 2300 879 2342 suaeque
908 2288 1214 2329 conscientiae
1243 2288 1555 2330 damnandum
1583 2289 1714 2330 relin-

113 2368 226 2423 quit.
274 2368 376 2410 Hoc
425 2368 708 2419 habebimus,
758 2369 793 2410 si
842 2383 924 2423 pro
973 2369 1160 2424 ignoscit
1206 2368 1446 2423 legerimus
1493 2370 1714 2425 ignoscat:

179 2448 414 2503 „Tiberius
440 2450 498 2507 de
526 2463 574 2490 se
602 2450 700 2503 ipse
730 2449 907 2498 viderit,
927 2449 1097 2491 factum
1116 2463 1246 2490 suum
1266 2450 1524 2491 consideret
1543 2456 1588 2491 et
1605 2464 1717 2504 quo·

52 2548 66 2590 ‘J
116 2530 256 2571 modo
283 2529 467 2571 defendi
497 2529 605 2571 illud
634 2530 930 2584 excusarique
960 2530 1102 2584 possit
1131 2535 1342 2583 quaerat:
1363 2543 1453 2572 non
1471 2531 1718 2573 inveniet.”

48 2745 49 2748 Ἴ
177 2689 236 2731 Α.
271 2690 352 2739 VI,
386 2702 428 2744 9.
465 2690 673 2731 Vistilius
706 2691 958 2744 praetorius
991 2690 1138 2731 levem
1173 2695 1219 2731 et
1252 2690 1440 2732 fortasse
1473 2691 1627 2733 fictam
1660 2692 1721 2733 ob

1 2758 7 2793 i
107 2782 314 2834 «causam.

64 2839 73 2848 ν’
184 2851 434 2905 „Convictu
477 2851 696 2906 principis
740 2851 1007 2905 prohibituS‚
1053 2865 1156 2892 curn
1200 2851 1328 2892 senili
1373 2866 1509 2893 manu
1554 2852 1719 2895 ferrum

118 2933 451 2987 temptavisset,
497 2932 670 2986 obligat
714 2945 875 2981 venas3
911 2937 1213 2986 precatusque
1246 2946 1327 2986 per
1360 2933 1607 2983 codicillos,
1641 2934 1722 2975 im-

7 3030 10 3032 *
53 2998 72 3054 ,
123 3012 220 3052 miti
252 3013 486 3067 rescripto,
522 3025 664 3052 venas
696 3010 925 3052 resolvit.”
