2040 3412
1088 234 1139 288 58

379 352 466 395 Pro
498 359 713 407 corrupto
744 354 996 409 virgenium
1030 355 1260 397 Bekkerus
1291 357 1491 411 iurgium
1523 357 1731 400 coniecit.
1759 343 1930 407 Sati-v&v

318 438 414 474 erat
447 446 471 473 e
509 426 863 485 „deterioribus”
896 434 1120 489 recipere:
1155 435 1254 477 inde
1284 436 1498 491 iurgium.

377 512 435 554 H.
486 513 566 562 ΙΙΙ,
615 522 682 566 25.
725 513 972 568 Postquam
1016 514 1233 569 impulsos
1274 516 1413 557 sensit
1456 516 1642 572 (hostes)
1683 503 1939 578 Antoni

318 594 462 634 denso
504 593 685 647 agmine
727 593 1000 636 obturbabat.
1044 577 1208 635 Laxati
1251 595 1433 636 ordines
1464 595 1808 651 abrumpuntur.
1841 627 1884 640 ..

318 672 601 727 Sparguntur
634 672 922 714 festinatione
955 675 1248 715 consectandi
1282 674 1490 716 victores.
1859 674 1861 676 ’

378 751 660 806 Recipienda
693 757 761 793 est
793 753 1068 794 deteriorum
1101 753 1237 795 lectio
1269 754 1486 797 obturbat.

378 832 438 873 H.
472 832 553 881 III,
585 841 653 884 51.
682 831 1011 873 Celeberrimos
1038 838 1246 874 auctores
1272 832 1435 884 habeo,
1463 839 1638 876 tantam
1665 834 1877 886 victorib,

317 912 533 953 adversus
564 911 629 952 fas
661 911 876 966 nefasque
904 912 1252 954 inreverentiam
1280 912 1414 955 fuisse
1441 919 1490 955 ut
1517 914 1746 968 gregarius
1772 920 1876 971 eq‘

317 992 516 1033 occisum
557 1006 584 1033 a
623 1005 671 1033 se
715 992 922 1046 proxima
964 993 1060 1033 acie
1102 992 1286 1034 fratrem
1327 993 1554 1048 professus
1595 978 1875 1049 praeminum}

319 1071 509 1112 ducibus
542 1071 747 1125 petierit;
782 1084 866 1113 nec
898 1071 983 1113 illis
1015 1077 1094 1113 aut
1125 1072 1348 1114 honorare
1381 1087 1481 1116 eam
1514 1075 1704 1117 caedem
1734 1075 1811 1118 ius
1861 1068 1868 1084 ²

323 1151 495 1192 minum
537 1156 615 1192 aut
657 1150 809 1192 ulcisci
852 1151 966 1193 ratio
1008 1151 1115 1193 belli
1153 1152 1470 1207 permittebat:
1503 1153 1776 1198 distulerant.

323 1245 459 1285 quam
495 1232 664 1272 maiora
698 1232 907 1272 meritum
940 1245 1077 1286 quam
1109 1246 1225 1286 quae
1258 1233 1411 1275 statim
1444 1234 1777 1277 exolverentur.

383 1310 498 1352 Illud
540 1311 811 1353 distulerant
849 1316 943 1353 tam
982 1317 1239 1354 contortam
1271 1314 1459 1368 requirit
1491 1314 1751 1370 explica-ndi

322 1405 427 1432 nem
476 1396 525 1432 ut
573 1391 711 1432 etiam
757 1397 895 1446 atque
942 1393 1080 1433 etiam
1128 1392 1473 1436 deliberandum
1516 1395 1724 1438 videatur
1759 1408 1795 1439 ⁴n

321 1477 522 1526 praestet
555 1486 581 1513 a
612 1473 913 1514 deterioribus
941 1474 1146 1527 accipere
1174 1474 1592 1530 distulerunt'quod
1618 1476 1718 1531 ipsa
1754 1482 1787 1513 3:

322 1552 590 1593 narrationis
620 1557 793 1593 natura.
1847 1538 1973 1596 fx:

382 1631 440 1672 H.
485 1632 566 1680 ΙΙΙ,
609 1631 679 1685 69.
729 1631 870 1685 Igitur
917 1637 1150 1686 tamquam
1194 1634 1342 1675 omnis
1384 1634 1638 1689 respublica
1678 1635 1725 1679 in
1766 1635 1905 1679 sinuu'

325 1712 595 1766 Vespasiani
627 1713 862 1754 cecississet
892 1726 930 1753 e.
950 1726 993 1767 q.
1011 1726 1045 1754 S.

383 1790 457 1833 Sic
500 1791 746 1841 Mediceus,
790 1798 913 1833 recte
956 1806 1075 1834 nunc
1117 1793 1266 1835 editur
1307 1794 1511 1836 cessisset.
1553 1794 1621 1837 At
1667 1795 1812 1839 deteri

322 1871 495 1913 habent
527 1872 766 1914 cecidisset:
801 1872 1040 1914 verisimile
1074 1886 1182 1927 ergo
1210 1878 1278 1915 est
1305 1873 1378 1915 hic
1407 1874 1506 1916 illos
1533 1888 1624 1917 non
1651 1888 1679 1917 a
1705 1875 1878 1921 Medic

323 1952 535 2006 pendere,
575 1952 656 1992 sed
699 1951 814 1992 illius
857 1952 1117 2006 exemplum
1160 1953 1389 2007 duplicem
1432 1953 1642 1996 habuisse
1672 1954 1870 1998 lection·

322 2032 516 2073 cessisset
553 2037 598 2072 et
631 2032 782 2086 (supra
813 2032 1047 2086 scripturn)
1079 2033 1310 2083 cecidisset,
1344 2047 1460 2087 quae
1493 2033 1539 2075 in
1573 2033 1783 2077 Mediceo
1813 2042 1922 2079 002*

322 2110 455 2152 luerit
497 2112 541 2152 in
584 2112 828 2161 cecis-sisset,
873 2125 975 2153 cum
1019 2111 1160 2153 altera
1201 2111 1382 2163 familia,
1416 2113 1487 2154 cui
1519 2113 1604 2155 hac
1636 2118 1760 2156 certe
1791 2113 1839 2157 in
1861 2115 1874 2126 ‘⁴

323 2191 504 2245 cognati
538 2192 798 2240 deteriores,
833 2192 1052 2234 cecidisset
1081 2192 1316 2246 reciperet.
1603 2177 1608 2182 “
1874 2242 1875 2245 ¹

384 2271 441 2311 H.
476 2271 556 2320 IV,
592 2281 631 2326 7.
666 2271 717 2312 In
750 2272 895 2326 iurgio
922 2272 1040 2312 inter
1069 2271 1332 2313 Marcellum
1362 2272 1551 2327 Eprium
1579 2277 1626 2314 et
1653 2271 1838 2316 Helvidi
1866 2291 1873 2312 z

325 2351 526 2392 Priscum
558 2350 631 2392 hic
664 2352 924 2393 contendit:

384 2431 542 2472 Fuisse
578 2431 862 2485 Vespasiano
894 2431 1140 2472 amicitiam
1171 2445 1275 2472 cum
1307 2431 1508 2472 Thrasea
1538 2429 1714 2474 Sorano
1762 2435 1805 2467 ’κ

325 2524 516 2564 quorum
564 2516 849 2552 accusatores
891 2511 1066 2552 etiamsi
1108 2511 1255 2565 puniri
1298 2524 1389 2552 non
1432 2516 1655 2565 oporteat,
1699 2498 1879 2567 osten?

325 2603 416 2630 non
449 2590 631 2631 debere.
1516 2583 1520 2587 ’
1846 2573 1847 2576 ¹

386 2670 490 2711 Non
533 2671 676 2724 ignoti
717 2671 912 2712 hominis
943 2670 1016 2712 hic
1047 2670 1288 2724 requiritur
1320 2683 1500 2719 nomen,
1532 2670 1614 2712 sed
1645 2668 1810 2712 nobilis
1847 2696 1869 2705 --

325 2749 449 2790 cuius
477 2749 731 2791 delatorum
756 2750 982 2799 victimae,
1001 2749 1263 2804 nullumque
1279 2754 1374 2790 tam
1391 2755 1549 2803 aptum
1566 2762 1703 2803 quam
1721 2747 1861 2807 Sene«

326 2829 450 2882 quod
483 2829 704 2883 praebent
738 2830 999 2870 deteriores.
1894 2884 1908 2891 .-

386 2907 442 2948 H.
477 2908 558 2956 IV,
593 2919 661 2948 22.
696 2907 835 2962 Spem
878 2907 1239 2962 oppugnantium
1282 2906 1512 2961 (Germani
1554 2907 1599 2948 hi
1631 2911 1738 2950 sunt
1776 2926 1806 2941 w·
1827 2899 1932 2965 ι
