2040 3412
852 292 904 334 91

31 461 36 464 <
145 401 238 455 „Ut
269 408 333 443 tot
354 398 381 455 ¹)
414 405 692 442 armatorum
726 400 848 441 milia
881 400 1006 442 velut
1038 414 1150 454 grex
1178 397 1410 441 ‘venalium
1439 398 1559 440 exuli
1588 398 1682 440 An-

27 475 206 546 {stonio
253 481 377 522 dono
425 481 640 522 darentur
689 480 810 534 (octo
861 480 1071 521 nimirum
1115 480 1317 534 legiones
1361 480 1490 521 unius
1533 479 1685 520 classis

71 562 384 606 accessionem
416 561 543 615 fore),
576 561 622 601 id
657 561 794 601 Basso
827 561 872 601 id
908 560 1131 602 Caecinae
1165 559 1353 600 visum'’.

137 640 213 684 Sic
245 641 530 695 distinguunt
564 641 777 690 editores,
811 640 1172 694 perversissime:
1208 653 1263 680 ne
1296 639 1383 680 alia
1416 644 1685 692 argumenta

19 709 29 717 '¹
73 722 258 772 addam,
309 721 367 763 ab
410 721 462 762 z'd
489 752 528 762 ..
562 721 706 762 visum
751 733 871 761 nunc
914 720 1086 774 pendet
1129 728 1179 761 ut
1204 743 1261 748 —
1289 720 1523 772 darentur,
1567 732 1684 772 quae

76 807 200 850 certe
232 801 430 844 absurda
461 807 686 843 structura
719 806 802 850 est,
837 814 985 854 neque
1018 801 1081 841 sic
1115 800 1397 854 pronominis
1429 800 1481 841 id
1503 805 1682 840 constat

18 866 206 932 ξ”ῗι·ειῒίο,
240 887 288 924 ut
313 888 491 924 taceam
519 895 656 935 quam
683 882 838 935 inepte
867 894 986 921 nunc
1015 880 1090 922 illa
1117 885 1363 934 repetatur.
1391 880 1534 921 Visne
1562 880 1684 933 ipsos

77 962 244 1005 milites
289 963 446 1004 audire
495 967 738 1016 querentes
782 967 827 1002 et
870 966 1049 1002 tantum
1098 974 1188 1002 non
1237 955 1564 1014 singultantes?
1590 958 1683 1014 *Sic

77 1043 304 1098 distingue
319 1060 328 1084 ε
761 1038 764 1041 ’
1058 1038 1063 1044 ”

28 1172 29 1177 ¹
141 1124 233 1178 „Ut
275 1129 346 1166 tot
388 1130 665 1166 armatorum
711 1123 834 1165 milia
871 1123 994 1164 velut
1027 1137 1139 1177 grex
1171 1122 1400 1164 venalium
1434 1122 1554 1162 exuli
1590 1121 1684 1162 An-

74 1204 204 1250 tonio
253 1205 376 1246 dono
423 1203 667 1246 darentur?
712 1210 818 1245 octo
861 1205 1071 1245 nimirum
1114 1204 1317 1258 legiones
1359 1203 1489 1244 unius
1532 1202 1685 1243 classis

19 1275 24 1320 s
74 1265 383 1327 accessionem
415 1284 535 1326 fore!
570 1285 622 1326 Id
657 1285 809 1333 Basso,
844 1284 889 1325 id
924 1283 1147 1325 Caecinae
1181 1284 1325 1323 visum
1340 1281 1383 1323 ?’'

11 1415 13 1426 ἱ
136 1364 285 1420 Quam
311 1365 500 1420 pulchra
525 1370 592 1406 est
615 1365 728 1406 haec
754 1370 1080 1406 structurarum
1104 1364 1311 1412 varietas,
1332 1377 1468 1417 quam
1487 1363 1685 1416 graviter

8 1443 26 1447 ’
75 1445 276 1489 lamenta
335 1446 529 1488 militum
578 1460 711 1495 nunc,
759 1451 995 1499 tamquam
1044 1445 1161 1486 iusta
1208 1445 1366 1493 oratio,
1413 1444 1684 1485 clauduntur

14 1559 21 1570 .
78 1527 345 1583 gravissimo
377 1527 455 1569 illo
488 1528 794 1570 id—visum!

19 1659 27 1669 Δ,
139 1609 198 1650 H.
233 1609 315 1659 III,
350 1610 420 1662 84.
461 1609 573 1650 Post
610 1608 751 1650 multa
791 1609 849 1650 ad
889 1609 1048 1649 urbem
1082 1613 1127 1649 et
1162 1608 1205 1648 in
1239 1607 1336 1661 ipsa
1369 1607 1480 1648 urbe
1514 1606 1687 1660 proelia

75 1690 264 1732 tandem
306 1688 514 1731 Flaviani
553 1694 700 1730 castra
742 1677 970 1743 praetoria
1006 1688 1332 1742 aggrediuntur
1363 1686 1575 1727 omnibus
1607 1686 1685 1727 ad-

2 1752 229 1812 fffhibitis-
261 1769 408 1818 rebus,
443 1769 607 1823 quibus
641 1768 946 1810 validissimae
979 1768 1129 1809 solent
1161 1767 1416 1822 oppugnari
1451 1767 1607 1807 urbes:

137 1849 333 1902 „Contra
381 1849 630 1899 Vitelliani,
673 1863 953 1904 quamquam
1003 1862 1190 1890 numero
1234 1848 1419 1901 fatoque
1465 1848 1681 1901 dispares,

8 1930 31 1978 {-
69 1929 324 1984 inquietare
367 1930 619 1979 victoriam,
664 1931 828 1971 morari
873 1943 1048 1984 pacem,
1093 1929 1254 1970 domos
1293 1941 1482 1981 arasque
1522 1941 1680 1968 cruore

4 2011 12 2055 ζ
69 2009 277 2061 foedare;
313 2024 524 2065 suprema
558 2011 689 2052 victis
720 2010 888 2051 solacia
919 2007 1359 2064 amplectebantur”.

131 2089 205 2132 Sic
248 2091 294 2131 in
337 2091 615 2132 editionibus
659 2096 705 2131 et
747 2091 792 2131 in
837 2090 996 2132 codice
1037 2089 1342 2143 distinguitur,
1375 2094 1610 2142 tamquam
1643 2088 1678 2128 si

24 2215 34 2226 f
70 2175 162 2212 tres
188 2170 393 2213 diversae
421 2185 492 2212 res
517 2185 544 2212 a
571 2171 830 2213 Vitellianis
858 2176 1069 2225 peractae
1099 2175 1432 2218 enumerentur,
1461 2183 1487 2209 a
1515 2168 1694 2221 quibus

14 2242 17 2243 ⁷
72 2250 403 2305 seiungendum
441 2252 498 2292 sit
538 2252 658 2292 istud
699 2259 909 2305 suprema
949 2251 1078 2292 victis
1107 2250 1271 2291 solacia
1304 2249 1677 2303 amplectebantur

72 2361 201 2372 .....
236 2331 360 2385 quod
404 2332 467 2372 ita
510 2345 712 2372 seorsum
756 2332 954 2386 positum
997 2336 1074 2371 aut
1117 2343 1297 2371 sensum
1333 2329 1471 2369 habet
1504 2328 1676 2369 nullum

18 2415 19 2418 ’
70 2417 148 2453 aut
171 2411 305 2466 plane
327 2412 584 2453 obscurum.
605 2412 777 2453 Verum
795 2412 1044 2452 arctissime
1063 2411 1293 2464 iungenda
1310 2415 1413 2450 sunt
1431 2410 1679 2463 inquietare

13 2482 22 2509 .:·
68 2492 304 2534 victoriam
341 2493 520 2534 morari
552 2501 733 2547 pacem.-
775 2493 990 2533 iudicium
1025 2492 1093 2532 his
1126 2491 1275 2532 verbis
1306 2490 1538 2544 scriptoris
1571 2503 1676 2531 con-

12 2619 13 2622 *
67 2571 237 2613 tinetur
280 2572 336 2614 de
381 2572 598 2614 militibus
641 2572 996 2613 defendentibus
1040 2572 1177 2612 etiam
1223 2576 1370 2611 eastra
1403 2583 1487 2611 nec
1520 2571 1674 2610 statim

16 2712 17 2715 Ἴ
67 2665 123 2694 eo
170 2652 366 2694 victores
413 2652 760 2707 recipientibus;
811 2658 995 2693 auctore
1041 2651 1204 2692 Tacito
1249 2664 1339 2691 non
1383 2651 1439 2691 de
1483 2650 1674 2691 victoria

16 2719 18 2738 ³
69 2737 242 2772 certare
274 2731 347 2773 vel
382 2731 540 2774 Vitelli
572 2733 812 2786 imperium
841 2732 1072 2773 vindicare
1100 2731 1209 2772 illud
1238 2731 1344 2772 fuit:
1373 2732 1677 2785 inquietabant

69 2812 388 2853 tantummodo
423 2812 658 2854 Vitelliani
690 2813 925 2854 victoriam
960 2818 1004 2852 et
1029 2820 1183 2866 pacem
1215 2812 1508 2854 morabantur
1518 2831 1531 2864 ;
1561 2812 1673 2854 haec

123 2978 158 3023 1)
183 2980 355 3012 Insertum
381 2990 400 3012 a
425 2980 575 3023 Rittero⁷
600 2979 694 3011 haud
719 2979 864 3011 dubium
890 2979 976 3022 quin
1002 2984 1106 3012 recte.
