2040 3412
890 298 966 350 185

186 415 245 458 A.
280 415 409 466 XIV,
441 428 483 469 4.
518 415 641 458 Satis
671 418 864 460 constitit
892 418 1112 460 exstitisse
1143 397 1438 473 proditorem.
1469 417 1610 472 (Inter
1639 416 1730 458 Ne-

119 496 248 539 ·ronis
289 497 496 538 conscios
533 510 667 538 nemo
699 497 931 540 dubitabat
962 498 1070 552 quin
1104 498 1161 539 ad
1197 498 1504 552 Agrippinam
1535 497 1730 540 delatum
1770 495 1775 502 ’

123 585 233 620 esset
274 576 512 619 consilium
555 577 600 618 in
644 578 804 619 itinere
849 579 1076 620 maritimo
1119 579 1214 620 eius
1257 578 1532 634 perdendae,
1578 583 1624 619 et
1667 578 1730 619 sic

116 658 299 713 'factum
330 671 420 699 esse
450 662 499 698 ut
532 657 642 698 sella
675 657 806 699 Baias
839 658 1193 713 perveheretur).

185 736 244 779 A.
289 736 417 785 XIV,
463 749 532 792 33.
577 737 654 790 Ad
698 739 989 792 septuaginta
1033 739 1155 780 milia
1199 740 1365 780 civium
1409 744 1454 780 et
1488 738 1730 788 sociorum,

29 806 68 874 5³
124 817 190 867 iis,
226 831 342 872 quae
377 819 650 867 memoravi,
675 817 786 859 locis
819 820 1019 860 cecidisse
1051 820 1256 861 constitit.
1288 819 1417 873 (Cum
1446 824 1607 873 postea
1635 832 1730 859 mu-

51 902 68 918 *
121 875 296 952 ·nicipia
336 897 424 947 illa,
468 911 584 952 quae
628 898 807 940 barbari
847 899 1098 949 diruerant,
1141 914 1167 940 a
1202 900 1420 960 Romanis
1452 899 1728 948 visebantur,

13 964 68 1039 fs
127 989 370 1033 corporum
404 992 594 1020 numero
628 979 741 1020 inito
772 980 991 1035 apparuit
1021 985 1091 1021 tot
1125 979 1247 1021 milia
1280 980 1508 1034 cecidisse).

38 1040 49 1122 b*
187 1058 246 1101 A.
277 1059 381 1109 XV,
418 1059 482 1101 16.
506 1058 714 1101 Obsessis
742 1060 859 1101 adeo
881 1039 1247 1114 suppeditavisse
1272 1074 1366 1101 rem
1389 1059 1730 1101 frumentariam

49 1167 53 1169 -
127 1140 346 1191 constitit,
390 1146 439 1182 ut
482 1141 654 1182 horreis
697 1141 851 1195 ignem
896 1142 1130 1183 inicerent.
1176 1141 1306 1195 (Cum
1348 1142 1404 1183 de
1440 1141 1564 1182 Paeti
1599 1141 1733 1182 rebus

39 1214 44 1242 Ψ
75 1271 78 1277 ¹
125 1220 266 1276 gestis
306 1220 545 1263 consilium
578 1222 812 1276 quoddam
848 1222 1040 1263 militare
1074 1222 1341 1271 habebatur,
1375 1222 1637 1264 intellectum
1669 1229 1735 1263 est

129 1301 316 1344 minime
346 1315 462 1356 opus
494 1302 535 1343 ei
558 1303 711 1358 fuisse
742 1308 889 1344 castra
922 1310 1005 1344 sua·
1036 1303 1205 1344 dedere
1239 1303 1476 1358 hostibus.)

36 1437 50 1447 μ
189 1381 293 1432 XV,
328 1381 399 1437 67.
434 1381 559 1423 Nihil
593 1382 638 1424 in
671 1382 746 1424 illa
778 1383 1092 1425 coniuratione
1119 1384 1300 1438 gravius
1327 1383 1509 1438 auribus
1540 1383 1733 1424 Neronis

128 1462 347 1505 accidisse
391 1462 610 1504 constitit.
655 1462 759 1518 (Qui
794 1469 1058 1517 praesentes
1092 1463 1287 1505 Neronis
1320 1463 1496 1505 vultum
1529 1469 1732 1504 contem-

130 1542 243 1598 plari
287 1548 500 1598 poterant
543 1543 836 1585 declararunt
875 1557 979 1584 eum
1023 1544 1221 1597 graviter
1264 1543 1348 1584 illis
1381 1543 1550 1585 tribuni
1583 1530 1733 1585 verbis

131 1637 221 1666 esse
250 1623 540 1678 commotum).

35 1759 37 1762 ι
193 1703 321 1754 XVI,
370 1713 406 1758 5.
454 1703 662 1747 Constitit
703 1703 944 1759 plerosque
988 1705 1207 1759 equitum,
1251 1706 1360 1746 dum
1394 1719 1474 1759 per
1506 1705 1737 1759 angustias

103 1798 106 1799 ⁷
130 1784 281 1826 aditus
323 1790 372 1826 et
413 1785 701 1839 ingruentem
745 1785 1085 1826 multitudinem
1114 1786 1347 1827 enituntur
1379 1785 1575 1827 obtritos.
1611 1785 1735 1840 (Con-

128 1865 257 1915 stitit,
283 1878 468 1920 'nempe
509 1865 627 1906 inter
666 1879 758 1914 eos,
792 1865 868 1919 qui
903 1865 1055 1907 clades
1089 1865 1163 1906 illa
1196 1866 1430 1919 quomodo
1464 1865 1583 1907 facta
1618 1871 1736 1907 esset

54 1963 60 1971 ·
128 1945 433 2001 quaerebant,
477 1959 635 1987 causas
678 1946 773 1987 eius
807 1946 959 2001 fuisse
1002 1951 1219 2000 angustos
1263 1946 1412 1987 aditus
1457 1951 1503 1986 et
1547 1946 1733 1987 nimiam

129 2025 500 2081 multitudinem).

190 2106 401 2160 Denique
451 2107 509 2148 H.
560 2107 640 2156 III,
691 2116 742 2161 75
801 2107 942 2161 „quod
980 2107 1096 2148 inter
1139 2121 1285 2148 omnes
1325 2107 1581 2156 constiterit,
1625 2112 1731 2147 ante

131 2186 436 2242 principatum
482 2186 751 2241 Vespasiani
798 2187 936 2227 decus
970 2188 1132 2228 domus
1166 2200 1306 2240 penes
1341 2186 1560 2228 Sabinum
1593 2186 1735 2236 erat‚”

133 2265 306 2310 Graece
341 2268 586 2309 dicendum
619 2268 676 2308 sit
710 2264 727 2308 ὃ
758 2264 917 2313 πάντες
957 2266 1261 2317 ὁμολογήσειαν
1296 2265 1361 2308 ἄν.

193 2427 317 2483 Ergo
362 2428 451 2470 XII
494 2429 581 2471 loci
624 2430 806 2484 egregie
849 2429 1196 2470 emendationes
1240 2442 1363 2470 meas
1402 2429 1476 2483 (A.
1513 2429 1594 2479 IV,
1629 2429 1657 2470 6
1690 2435 1736 2471 et

131 2508 214 2558 IV,
256 2509 330 2564 74)
375 2509 671 2560 confirmant,
717 2510 830 2551 XIII
874 2510 984 2551 nihil
1028 2509 1200 2550 habent
1243 2510 1366 2563 quod
1410 2509 1630 2550 lectiones
1672 2509 1734 2551 ibi

27 2644 30 2646 q
129 2589 319 2630 traditas
361 2596 554 2632 tueatur.
605 2590 858 2645 Supersunt
901 2591 991 2631 duo
1024 2591 1068 2631 in
1103 2589 1347 2643 Agricola.
1368 2622 1377 2630 .
1398 2622 1408 2630 .
1442 2603 1556 2643 quos
1588 2603 1733 2644 aeque

82 2675 88 2680 '
129 2682 182 2710 ac
215 2668 275 2710 A.
310 2669 392 2720 IV,
425 2670 453 2711 6
480 2676 526 2711 et
555 2670 636 2719 IV,
668 2681 724 2725 74
751 2675 989 2724 corruptos
1017 2683 1204 2720 cense03
1235 2676 1374 2724 atque
1403 2671 1566 2711 eodem
1596 2671 1735 2712 modo

129 2750 370 2791 sanandos.
425 2750 558 2791 Alter
590 2756 659 2791 est
692 2764 730 2792 c.
767 2752 833 2804 38.
886 2750 1008 2791 Victi
1044 2751 1246 2792 Britanni
1280 2751 1514 2805 quomodo
1542 2756 1732 2806 ,noctem

131 2829 307 2883 egerint
339 2830 504 2872 vividis
537 2831 806 2872 describitur
840 2830 1092 2871 coloribus:

197 2910 403 2963 ,trahere
447 2910 720 2962 vulneratos,
767 2925 929 2952 vocare
974 2912 1187 2966 integros,
1232 2913 1440 2953 deserere
1484 2912 1646 2953 domos
1684 2925 1736 2954 ac

133 3003 215 3043 per
241 2990 353 3031 iram
382 2990 499 3031 ultro
528 2991 784 3041 incendere,
816 2991 981 3046 eligere
1004 2992 1201 3034 latebras
1219 2998 1263 3034 et
1281 2993 1435 3034 statim
1453 2992 1731 3048 relinquere;
