2040 3412
1079 305 1136 356 84

370 423 492 476 „Nec
537 424 700 464 referre
742 423 973 466 Othonem
1015 437 1091 471 an,
1118 423 1353 467 Vitellium
1395 424 1685 478 superstitem
1717 422 1926 483 sortus

306 502 488 543 faceret.
538 503 692 544 Rebus
737 503 947 544 secundis
994 504 1131 544 etiam
1180 503 1386 557 egregios
1427 503 1565 545 duces
1606 487 1938 568 1nsolescemi

305 583 578 624 discordiam
609 582 691 633 his,
724 583 965 636 ignaviam,
1000 582 1243 632 luxuriem3
1274 588 1320 624 et
1347 583 1534 624 suismet
1560 583 1681 624 vitiis
1705 582 1939 639 alterum,
1925 612 1957 665 317

305 662 426 703 bello
458 662 650 703 alterum
685 662 874 703 victoria
906 660 1199 716 periturum”

365 741 589 784 Sollicitat
631 741 742 782 haec
787 741 1045 795 Madvigius
1087 746 1156 782 et:
1206 741 1457 794 „discordia
1494 741 1687 784 militum
1719 742 1797 798 ign

303 820 477 862 luxurie
520 826 566 862 et
598 821 784 862 suismet
817 820 937 861 vitiis
970 833 1008 861 e.
1041 833 1085 874 q.
1118 819 1168 861 s.
1173 819 1446 875 ’proponit.
1481 819 1571 863 Sed
1603 821 1821 865 leviuseul
1903 867 1916 886 x
1942 834 1949 841 '⁷

304 901 483 942 videtur
524 905 854 954 argumentum,
897 913 989 954 quo
1031 913 1191 942 vocem
1233 900 1305 942 his
1336 906 1586 955 oppugnat,
1618 914 1756 956 quam
1786 895 1895 945 du

303 985 461 1029 mutat,
505 980 624 1021 tollit
666 979 941 1021 luculentam
986 979 1102 1021 hanc
1145 965 1506 1034 oppositionem:
1538 982 1741 1037 egregios
1768 982 1806 1025 d

301 1065 347 1101 et
377 1060 460 1110 liis,
495 1059 802 1114 militibusque
836 1073 889 1100 ea
921 1059 1110 1113 praebet
1143 1059 1265 1109 vitia,
1298 1073 1415 1114 quae
1448 1065 1681 1114 tamquam
1714 1070 1799 1117 pro
1879 1105 1941 1122 ÷

300 1138 496 1181 Othonis
538 1139 803 1193 Vitelliique
845 1138 1101 1193 legentibus
1143 1139 1315 1181 dudum
1358 1145 1468 1181 nota
1509 1145 1628 1182 sunt.
1671 1127 1824 1196 Deniq

299 1220 422 1272 quod
465 1219 793 1274 gravissimum,
827 1232 982 1260 veram
1017 1219 1140 1260 vocis
1170 1219 1395 1261 discordia
1428 1220 1520 1261 vim
1553 1233 1644 1262 non
1675 1226 1786 1276 agn'
1834 1218 1838 1228 ²

298 1299 664 1353 Perstringuntur
697 1297 821 1340 Otho
855 1297 1157 1352 Vitelliusque
1190 1303 1424 1352 tamquam
1447 1300 1592 1354 pravi
1615 1300 1802 1360 milite-⁹3⁷·-

298 1385 457 1420 contra
483 1378 736 1432 legitimum
765 1378 929 1418 ducem
953 1359 1079 1419 arma
1101 1378 1388 1432 sumpserint.
1415 1377 1490 1420 Sic
1515 1379 1637 1422 enim
1660 1379 1806 1430 Mu

297 1464 343 1500 et
381 1458 701 1512 Vespasianus,
736 1457 817 1499 viri
851 1453 1080 1507 militares,
1114 1458 1458 1500 ratiocinantur:
1497 1459 1599 1514 „qui
1630 1472 1808 1515 parere

296 1539 443 1579 sciunt
490 1551 581 1579 non
629 1538 705 1578 diu
754 1537 1086 1592 imperabunt'’.
1131 1537 1416 1591 Egregieque
1458 1537 1580 1581 illam
1620 1545 1770 1589 sente>
1800 1534 1807 1550 ⁵

297 1618 536 1659 confirmat
562 1618 701 1672 ipsius
728 1617 876 1658 Taciti
905 1617 961 1658 de
988 1617 1209 1659 Caecinae
1232 1617 1449 1659 militibus
1466 1619 1704 1663 iudicium:
1725 1605 1810 1677 qq

296 1704 485 1752 tumque
527 1697 667 1738 hebes
700 1697 757 1738 ad
797 1697 1110 1738 sustinendum
1142 1696 1344 1738 laborem
1377 1697 1519 1748 miles,
1552 1703 1684 1743 tanto
1712 1700 1779 1745 ad

295 1780 472 1820 cordias
503 1777 802 1832 promptior”.

355 1859 565 1912 Denique
597 1858 669 1899 hic
702 1871 867 1900 moneo
900 1857 1079 1911 egregie
1113 1871 1139 1899 a
1171 1857 1428 1908 Furneaux,
1462 1864 1521 1909 et,
1549 1860 1634 1902 nisi
1661 1859 1805 1922 fallor,

293 1937 370 1979 illo
414 1939 575 1992 primo,
619 1938 780 1980 horum
819 1936 1076 1986 verborum,
1110 1950 1227 1991 quae
1259 1937 1485 1991 peculiare
1516 1937 1689 1993 aliquid
1718 1938 1870 1987 haben

293 2023 339 2059 et
371 2017 588 2059 orationis
620 2017 835 2058 Taciteae
863 2016 1064 2058 indolem
1097 2016 1263 2058 diserte
1297 2017 1510 2071 produnt,
1543 2018 1635 2060 vim
1666 2030 1765 2062 esse
1783 1999 1944 2071 ιίξιι,

291 2103 503 2138 stratam:
548 2096 607 2138 A.
652 2097 733 2146 ΙΙΙ,
778 2107 834 2150 29
870 2110 922 2138 ac
953 2104 1123 2148 tamem
1157 2096 1216 2138 A.
1250 2097 1330 2146 ΙΙΙ,
1364 2097 1423 2152 69
1453 2098 1688 2141 ambitione
1714 2093 1906 2173 aluessaff
1903 2083 1962 2163 J:

291 2176 350 2218 A.
395 2176 477 2226 IV,
527 2188 572 2217 11
618 2176 803 2230 alioqui,
837 2175 896 2217 A.
931 2175 1012 2225 IV,
1049 2187 1098 2230 31
1134 2190 1231 2218 cum
1262 2185 1520 2230 arceretur;
1551 2177 1612 2220 A.
1645 2177 1728 2231 VI,
1758 2190 1797 2273 3

281 2264 490 2311 prorsus.
