2040 3412
929 260 1009 304 Ι99

161 367 204 409 si
244 366 356 409 mali
385 368 560 423 forent.
611 367 671 409 Et
705 382 821 423 quae
854 371 969 412 ratio
1002 371 1255 414 intercedat
1288 372 1404 414 inter
1437 372 1577 414 verba
1608 374 1766 416 matri-

161 448 298 490 monii
335 448 409 490 sui
447 448 640 503 ignarus
681 454 727 490 et
769 451 922 492 munia
964 452 1162 494 censoria
1203 459 1428 507 usurpans
1469 466 1651 507 prorsus
1694 468 1766 495 me

158 527 286 570 latet.
336 527 476 569 Nihili
525 528 646 570 enim
694 535 762 571 est
809 531 932 584 quod
978 531 1059 572 viri
1103 532 1227 573 docti
1270 533 1517 574 commenti
1561 539 1665 575 sunt
1709 535 1765 576 de

158 608 299 651 sortis
339 608 533 662 quadam
576 609 738 659 ironia,
782 610 905 663 quod
940 612 1139 652 censoris
1173 625 1358 653 munere
1392 612 1604 667 fungatur
1637 613 1766 656 Clau-

160 689 275 739 dius,
324 688 420 744 ipse
468 689 650 743 ignarus
698 689 879 743 qualem
928 690 1095 733 habeat
1144 706 1332 733 uxorem
1346 710 1355 743 ;
1406 688 1451 734 id
1502 695 1625 748 quod
1669 700 1765 736 tum

46 823 62 830 „
92 805 93 809 ,
126 780 129 784 “
157 769 343 812 demum
386 769 431 810 in
473 768 593 810 hune
637 769 787 811 locum
821 771 1101 821 conveniret,
1135 772 1171 812 si
1205 773 1262 813 de
1297 772 1487 814 Claudio
1521 774 1582 815 ibi
1617 788 1764 816 narra-

156 853 280 891 retur
311 849 516 890 censoria
541 833 766 903 gravitate
794 851 1069 891 matrimonii
1097 852 1445 894 sanctimoniam
1474 853 1764 895 defendente.

43 913 104 966 Ιῖῑζ
131 922 134 924 ’
158 927 226 971 At
257 928 522 976 theatralem
555 929 614 971 ab
646 943 702 971 eo
735 936 992 985 correptam
1025 931 1245 974 licentiam
1278 932 1482 987 legimus·
1530 934 1627 975 Iam
1661 948 1763 976 cum

116 1052 121 1054 ,
159 1010 440 1053 matrimonii
479 1009 666 1052 alicuius
707 1011 922 1066 ignarum
964 1011 1098 1053 fuisse
1143 1012 1381 1054 Claudium
1424 1014 1628 1068 legimus,
1674 1029 1765 1065 non

162 1103 403 1145 possumus
445 1104 537 1132 non
579 1091 782 1146 cogitare
825 1092 883 1133 de
926 1092 1012 1133 illis
1054 1091 1150 1134 Silii
1185 1093 1547 1149 Messalinaeque
1581 1096 1764 1150 nuptiis,

159 1184 273 1227 quas
315 1184 407 1213 non
450 1185 531 1226 per
572 1171 711 1213 risum
754 1173 996 1227 iocumque
1040 1162 1168 1214 fictas
1200 1174 1280 1215 sed
1315 1188 1444 1215 veras
1475 1175 1763 1230 sincerasque

91 1243 94 1272 ³
158 1251 293 1294 fuisse
352 1252 538 1294 Tacitus
591 1253 688 1307 ipse
737 1254 932 1295 credidit
979 1260 1025 1295 et
1072 1254 1329 1309 legentibus
1377 1257 1649 1310 persuadere
1697 1262 1765 1298 est

156 1338 360 1375 conatus.
395 1333 486 1375 Res
520 1333 652 1375 nobis
685 1333 758 1375 hic
790 1339 860 1375 est
893 1348 996 1375 cum
1024 1336 1336 1385 annotatione,
1364 1350 1509 1390 eaque
1536 1342 1765 1391 corrupta:

154 1414 213 1466 in,
234 1414 436 1469 margine
470 1415 591 1456 enirn
624 1415 682 1456 ad
716 1428 878 1456 vocem
905 1416 1097 1470 ignarus
1124 1415 1445 1470 explicandam
1474 1416 1581 1458 olim
1610 1418 1764 1472 appic-

160 1500 259 1537 tum
303 1494 387 1536 fuit
429 1496 710 1538 matrimonii
749 1495 865 1545 Silii,
909 1496 1048 1550 idque
1089 1497 1152 1537 ita
1196 1497 1240 1537 in
1284 1502 1462 1538 textum
1495 1498 1763 1540 translatum

157 1579 226 1616 est
256 1579 319 1626 vut
361 1588 386 1616 e
430 1569 536 1616 Silii
576 1581 837 1616 nasceretur
877 1576 960 1617 sui.
1011 1575 1294 1617 Praeclarum
1338 1576 1442 1618 huic
1475 1578 1763 1620 coniecturae

157 1654 409 1697 subsidium
454 1655 645 1710 praebet
689 1655 950 1697 ultimorum
977 1651 1156 1710 'capitis
1200 1657 1289 1697 XII
1335 1657 1577 1698 verborum
1611 1658 1761 1708 lectio,

27 1718 45 1754 ⁵*
119 1795 123 1797 μ
156 1748 294 1790 quam
323 1736 472 1778 codex
499 1736 702 1778 exhibet.
737 1736 806 1777 Ibi
835 1750 953 1778 nunc
982 1742 1105 1778 recte
1134 1751 1158 1778 e
1189 1737 1423 1778 Puteolani
1442 1739 1763 1780 emendatione

156 1816 328 1858 editur:
377 1822 650 1871 „postremo,
695 1816 818 1858 velut
861 1816 1081 1858 translata
1113 1818 1202 1859 iam
1236 1817 1429 1868 fortuna,
1463 1819 1579 1859 servi
1612 1819 1763 1860 liberti

155 1902 340 1952 paratus
367 1897 583 1951 principis
611 1897 732 1951 apud
761 1898 1017 1939 adulterum
1044 1898 1350 1948 visebantur'’‚
1380 1899 1425 1939 in
1453 1899 1612 1940 codice
1642 1913 1761 1940 esse:

161 1978 378 2032 „alterum
420 1991 557 2032 supra
598 1978 768 2032 scripto
802 1977 984 2034 filium⁹⁹
1028 1978 1335 2032 Nipperdeius
1378 1979 1527 2028 refert,
1571 1980 1651 2020 sed
1685 1985 1763 2020 aut

158 2057 412 2113 Nipperdei
451 2071 574 2099 error
606 2058 678 2099 hic
712 2058 1071 2112 deprehenditur
1094 2057 1135 2112 ¹),
1170 2064 1247 2099 aut
1281 2058 1487 2100 librarius
1519 2060 1563 2100 in
1598 2060 1763 2100 descri-

156 2138 309 2180 benda
339 2138 638 2180 annotatione
669 2138 770 2179 leve
804 2138 1032 2179 commisit
1064 2139 1248 2179 vitium:
1282 2140 1340 2180 ad
1373 2139 1566 2181 alterum
1599 2140 1672 2180 vel
1704 2141 1762 2181 ad

156 2218 411 2261 adulterum
460 2218 581 2272 (nam
624 2218 712 2259 hoc
754 2219 941 2272 quidem
985 2219 1145 2260 vitium
1188 2220 1373 2273 quando
1416 2225 1573 2260 natum
1616 2220 1674 2261 sit
1717 2222 1762 2262 in

156 2298 357 2341 tenebris
398 2298 526 2353 latet)
567 2299 810 2352 adscripsit
851 2298 1014 2352 aliquis
1057 2298 1232 2346 Silium,
1277 2305 1415 2353 atque
1460 2300 1582 2340 idem
1626 2300 1762 2353 paulo

158 2384 264 2434 post
311 2379 588 2421 adiectivum
636 2380 827 2434 ignarus
873 2379 1023 2420 verbis
1071 2380 1351 2421 matrimonii
1397 2379 1502 2421 Silii
1541 2380 1762 2422 illustrare

158 2466 348 2502 conatus
390 2465 472 2501 est.
531 2459 765 2502 Adiectivi
808 2460 1000 2515 ignarus
1046 2459 1308 2512 „absolute”
1351 2460 1486 2514 positi
1530 2461 1762 2514 egregium

156 2540 376 2582 habemus
409 2540 671 2595 exemplum
704 2540 763 2581 A.
798 2541 830 2589 Ι,
865 2520 914 2581 6·
954 2541 1173 2594 „primum
1204 2539 1376 2581 facinus
1403 2541 1509 2581 novi
1538 2541 1762 2596 principa-

157 2626 230 2662 tus
256 2620 339 2676 fuit
363 2621 565 2662 Postumi
592 2620 829 2675 Agrippae
854 2621 1039 2670 caedes;
1068 2634 1203 2674 quem
1223 2621 1427 2674 ignarum
1447 2621 1762 2675 inermumque

157 2702 365 2756 quamvis
397 2701 600 2743 firmatus
633 2701 787 2742 animo
820 2701 1025 2742 centurio
1058 2714 1192 2754 aegre
1227 2699 1468 2741 confecit.”

211 2885 246 2929 1)
272 2887 436 2928 Inspecta
461 2886 592 2918 codicis
618 2885 770 2928 imagine
797 2885 1027 2927 phoiotypica
1053 2886 1215 2927 apparuit
1240 2885 1324 2917 mihi
1346 2896 1463 2918 revera
1485 2897 1590 2928 supra
1610 2888 1762 2919 alterum

159 2944 328 2987 scriptum
355 2955 429 2977 esse
456 2944 590 2987 aliquid
616 2944 709 2976 unde
736 2943 846 2975 multo
873 2943 990 2986 potius
1016 2943 1148 2976 Silium·
1170 2944 1297 2976 efficias
1323 2955 1427 2987 quam
1443 2945 1577 2988 filium.
