2040 3412
1104 997 1161 1038 ΙΙ.

396 1147 473 1188 Ad
499 1161 593 1188 rem
621 1160 757 1201 quam
776 1147 1032 1188 felicissimo
1051 1148 1258 1189 acumine
1276 1147 1508 1202 perspexit
1526 1147 1929 1189 demonstrandam

337 1241 426 1268 uno
458 1233 636 1268 tanturn
670 1227 969 1268 Woelfflinius
1001 1228 1087 1268 hoc
1120 1228 1260 1269 utitur
1290 1233 1583 1282 argumento:

397 1307 660 1348 Plutarchus
702 1307 841 1348 latine
885 1309 1040 1357 nescit,
1079 1314 1125 1349 et
1156 1308 1192 1349 si
1225 1308 1269 1348 in
1303 1308 1406 1349 vitis
1439 1307 1610 1349 Galbae
1643 1306 1930 1368 othonisque
1959 1363 1961 1366 .
2012 1338 2026 1369 4

336 1386 505 1440 aliquid
539 1400 762 1441 perverse,
797 1387 947 1437 stulte,
980 1387 1167 1429 ridicule
1201 1393 1366 1441 narrat,
1399 1387 1660 1428 facillimum
1688 1392 1756 1429 est
1781 1387 1931 1429 Taciti

336 1466 558 1508 vocabula
590 1467 789 1508 indicare
823 1481 938 1521 quae
972 1468 1016 1508 in
1051 1481 1248 1509 errorem
1281 1481 1384 1509 eum
1417 1468 1706 1509 induxerunt.

396 1547 486 1589 Sed
530 1547 844 1601 exemplorum
880 1548 1042 1601 quibus
1076 1548 1161 1589 hoc
1195 1553 1512 1602 argumentum
1544 1547 1735 1588 illustret
1767 1559 1932 1601 magna

335 1627 611 1668 Woelfflinio
653 1627 698 1667 in
741 1633 955 1681 promptu
999 1634 1066 1668 est
1102 1628 1246 1682 copia.
1282 1627 1397 1670 Sunt
1429 1628 1723 1669 disertissima
1752 1627 1928 1678 omnia;

336 1707 425 1748 duo
468 1713 621 1747 tamen
665 1720 821 1748 eorum
863 1708 1109 1749 maximam
1153 1707 1262 1748 mihi
1304 1707 1473 1749 habere
1507 1707 1720 1749 videntur
1750 1719 1931 1762 persua-

336 1787 473 1827 dendi
506 1787 612 1827 vim.
647 1786 775 1840 Quae
808 1786 882 1828 illa
917 1787 1007 1828 sint
1040 1788 1211 1829 dicam:

395 1865 532 1915 Otho,
575 1880 601 1907 a
643 1867 887 1907 coniuratis
931 1868 1020 1908 suis
1063 1873 1251 1908 vocatus
1295 1873 1343 1908 ut
1377 1881 1423 1908 se
1457 1880 1559 1908 cum
1592 1866 1676 1908 illis
1708 1866 1754 1908 in
1785 1872 1934 1910 castra

335 1945 538 1987 conferat
580 1947 820 2000 praetoria,
865 1946 952 1987 hoc
995 1947 1135 1988 utitur
1176 1947 1414 1988 mendacio
1448 1960 1539 2001 quo
1571 1947 1772 1988 subitum
1802 1959 1933 1988 suum

334 2038 358 2065 e
403 2025 574 2066 Palatio
619 2026 835 2067 defendat
877 2027 1135 2067 discessum.
1181 2026 1385 2080 Rogatus
1427 2040 1453 2067 a
1496 2025 1641 2068 Galba
1683 2040 1762 2068 cur
1797 2026 1934 2068 abeat

334 2105 580 2158 respondet
622 2119 648 2146 a
689 2119 735 2146 se
778 2106 864 2147 emi
903 2106 1039 2146 aedes
1082 2111 1308 2146 vetustate
1351 2111 1597 2160 suspectas,
1641 2119 1760 2147 nunc
1791 2119 1840 2148 se
1872 2105 1930 2148 ab

282 2221 285 2223 .
332 2185 568 2226 architecto
600 2185 1028 2240 redemptoribusque
1059 2185 1312 2239 exspectari
1346 2185 1404 2239 (v.
1437 2185 1545 2226 Tac.
1580 2184 1637 2226 H.
1672 2185 1706 2235 1,
1741 2185 1828 2240 27).

393 2265 484 2305 Res
512 2270 580 2305 est
608 2278 743 2318 quam
771 2266 968 2306 maxime
997 2266 1234 2319 perspicua
1262 2271 1308 2306 et
1336 2279 1360 2306 e
1388 2265 1483 2306 vita
1509 2270 1703 2320 sumpta.
1728 2264 1776 2308 Si
1791 2265 1929 2308 aedes

333 2350 513 2385 nostrae
556 2344 739 2398 aliquod
783 2346 962 2399 gravius
1005 2351 1224 2400 ceperunt
1257 2345 1594 2394 detrimentum,
1629 2344 1928 2388 architectum

332 2425 615 2474 arcessimus;
645 2425 681 2465 is
705 2426 937 2478 quomodo
960 2426 1113 2466 sarciri
1131 2425 1306 2479 possint
1323 2425 1613 2479 debeantque
1631 2425 1927 2468 demonstrat.

332 2505 449 2545 Tum
483 2510 634 2545 autem
668 2510 746 2546 aut
778 2505 898 2546 solus
931 2520 1026 2547 rem
1058 2511 1204 2547 totam
1236 2520 1317 2547 suo
1350 2506 1551 2560 periculo
1584 2506 1629 2546 in
1662 2519 1710 2547 se
1741 2505 1929 2561 suscipit

331 2589 409 2624 aut
437 2597 550 2637 opus
576 2584 710 2633 locat,
740 2585 1013 2639 redimitque
1041 2585 1149 2626 illud
1178 2585 1445 2639 plerumque
1473 2575 1544 2626 v'el
1572 2584 1698 2626 faber
1716 2584 1930 2639 lignarius
2021 2641 2022 2644 Ἴ

332 2662 404 2703 vel
431 2662 632 2716 lapidum
660 2668 868 2713 structor,
895 2664 975 2704 sed
1004 2665 1126 2718 prius
1153 2678 1256 2704 cum
1285 2664 1382 2705 aliis
1408 2664 1608 2717 loquitur
1635 2663 1772 2704 fabris
1797 2677 1856 2705 ne
1882 2663 1928 2705 in

331 2743 574 2783 statuendo
606 2744 752 2796 pretio
781 2744 978 2796 graviter
1006 2749 1137 2784 erret.
1166 2744 1210 2785 A
1238 2749 1391 2784 nostra
1419 2748 1571 2784 autem
1599 2744 1928 2785 consuetudine
2006 2726 2015 2736 ω

332 2835 401 2862 res
447 2806 583 2875 quarn
633 2822 756 2864 Otho
799 2823 929 2877 fingit
972 2824 1132 2864 leviter
1174 2829 1352 2865 tantum
1395 2824 1644 2877 discrepat3
1690 2822 1763 2864 hic
1804 2823 1925 2865 enim

333 2901 494 2954 singuli
528 2901 640 2941 fabri
674 2908 846 2955 quanto
877 2917 957 2944 sua
989 2917 1092 2957 pars
1124 2908 1302 2944 constet
1335 2902 1581 2944 declarant.

391 2979 510 3033 Quid
566 2994 673 3021 vero
730 2981 1022 3023 Plutarchus?
1079 2982 1309 3024 Othonem
1356 2981 1587 3023 simulasse
1634 2981 1745 3022 dicit
1789 2981 1926 3023 aedes
2004 3018 2014 3039 ,ἶ
