2040 3412
874 290 954 332 261

112 413 310 462 triennio
351 429 434 458 non
477 414 651 456 introiit
693 413 888 462 curiam;
932 412 1083 467 abfuit
1123 395 1226 452 cum
1270 408 1448 452 Silanus
1490 413 1535 449 et
1569 407 1715 449 Vetus

111 495 560 556 condemnabantur;
592 494 685 536 sine
717 506 823 534 cura
855 493 896 534 ei
929 484 997 533 est
1029 491 1148 533 salus
1182 490 1389 538 Neronis,
1422 489 1515 530 sine
1542 487 1715 529 honore

107 593 193 629 ars,
221 577 507 632 Poppaeam
555 575 709 616 divam
751 587 833 615 non
877 573 1037 615 credit.
1084 571 1146 613 Et
1188 576 1342 612 tamen
1387 569 1498 610 mire
1541 568 1715 609 dictum

46 661 79 721 ’
108 658 220 707 mihi
253 657 362 700 illud
395 670 478 698 non
501 655 672 711 fecerit
698 654 893 704 videtur,
923 652 1192 707 quotiesque
1221 650 1342 704 lego,
1373 649 1552 691 haereo.
1581 646 1715 690 Certe

109 738 362 783 admodum
396 736 515 778 exile
547 740 616 776 est
649 734 818 788 vixque
851 734 909 775 ad
943 733 988 774 id
1022 730 1384 786 significandum,
1418 729 1541 783 quod
1569 728 1716 782 requi-

112 819 238 869 ritur,
270 818 448 867 sufficit.
484 814 929 869 Subintelligendum
963 813 1055 854 fere
1090 817 1158 853 est
1189 811 1339 859 denuo,
1375 809 1555 850 aliudve
1585 821 1718 849 voca-

35 882 72 943 ‚‘‡
114 897 287 948 bulum,
330 897 454 952 quod
497 909 589 937 non
633 895 695 936 ita
739 893 869 936 facile
901 884 1068 934 ‘mente
1102 891 1351 946 suppletur.
1386 889 1577 943 Semper
1609 901 1716 942 ergo

115 979 321 1034 suspicor
364 991 446 1032 pro
489 990 572 1018 non
614 975 856 1030 legendam
890 987 987 1015 esse
1030 985 1204 1021 vocem,
1247 984 1363 1025 quae
1406 969 1497 1011 fere
1530 969 1716 1010 eosdem

102 1047 350 1102 nliterarum
392 1058 532 1100 habet
576 1057 761 1099 ductus:
813 1055 946 1109 „quid
990 1053 1192 1095 Thrasea
1234 1052 1336 1093 novi
1366 1049 1565 1092 fecerit”.
1599 1049 1717 1090 Tum

117 1144 302 1199 quoque
330 1138 597 1195 praesertim
626 1138 683 1178 de
712 1137 763 1177 iis
791 1135 925 1177 rebus
947 1148 1043 1175 esse
1061 1132 1369 1187 cogitandum,
1389 1144 1501 1185 quas
1517 1130 1719 1171 Thrasea

115 1220 264 1263 facere
290 1219 348 1261 sit
375 1223 654 1273 aspernatuS,
685 1230 755 1258 res
782 1217 879 1270 ipsa
906 1214 1120 1269 loquitur,
1148 1214 1229 1255 sed
1257 1213 1377 1254 idem
1397 1224 1515 1253 nunc
1534 1211 1718 1252 demum

117 1305 240 1343 recte
273 1299 596 1354 eleganterque
629 1302 698 1339 est
730 1295 1031 1337 enuntiatum.

138 1473 143 1478 ·
177 1459 307 1510 XVI,
343 1471 412 1512 24.
455 1458 672 1507 Thrasea,
717 1456 788 1497 cui
821 1460 945 1496 certa
977 1454 1067 1495 iam
1101 1458 1169 1494 est
1202 1457 1361 1507 parata
1394 1442 1629 1505 pernicies,
1662 1449 1720 1490 ad

119 1541 351 1583 Neronem
383 1539 536 1581 literas
571 1537 712 1579 mittit
744 1549 856 1590 quas
888 1534 960 1575 ille
988 1534 1122 1575 avide
1149 1532 1306 1586 arripit
1334 1531 1570 1585 aperitque
1600 1534 1722 1569 ratus

120 1621 370 1664 Thraseam
413 1619 694 1674 supplicibus
738 1617 966 1672 precibus.
990 1615 1169 1656 veniam
1214 1618 1475 1666 rogaturum
1518 1610 1719 1664 aliaque,

121 1716 239 1758 quae
288 1701 426 1756 priori
477 1701 572 1741 eius
614 1699 735 1740 vitae
785 1698 997 1739 afferrent
1040 1695 1263 1743 dedecus,
1312 1693 1535 1734 facturum
1578 1691 1721 1732 dictu-

19 1778 35 1783 ”
75 1780 79 1789 ”
103 1791 107 1793 ”
122 1796 333 1837 rumque:

185 1862 347 1918 „Quod
381 1861 457 1903 ubi
491 1874 583 1902 non
616 1859 770 1901 evenit
804 1858 1070 1910 vultumque
1104 1861 1150 1896 et
1182 1854 1364 1908 spiritus
1391 1858 1438 1894 et
1464 1852 1723 1893 libertatem

121 1943 313 1986 insontis
344 1942 462 1984 ultro
494 1941 720 1989 extimuit,
755 1938 907 1980 vocari
942 1942 1094 1991 patres
1126 1934 1296 1975 iubet.”

182 2024 223 2066 E
264 2022 630 2078 splendidissima
670 2020 792 2061 haud
835 2019 973 2059 dubie
1017 2015 1338 2058 emendatione
1372 2013 1580 2054 Rhenani
1614 2011 1724 2052 illud

122 2104 241 2160 quod
279 2104 354 2146 ubi
382 2117 465 2145 non
498 2102 639 2144 evenit
670 2105 827 2142 natum
861 2103 943 2148 est,
978 2110 1083 2138 nam
1117 2097 1162 2136 in
1196 2095 1353 2136 codice
1386 2099 1455 2134 est
1486 2107 1568 2147 quo
1599 2092 1726 2133 dubie

123 2198 207 2227 non
248 2185 379 2234 venit,
423 2184 487 2224 ita
528 2187 578 2223 ut
617 2182 675 2223 ad
708 2180 953 2222 lectionem
985 2191 1112 2219 suam
1146 2175 1466 2231 proferendam
1499 2187 1555 2214 ne
1588 2186 1724 2213 unam

124 2265 312 2320 quidem
342 2263 568 2306 literulam
601 2261 844 2309 addiderit,
878 2258 1141 2313 dempserit,
1176 2255 1420 2297 mutaverit
1454 2254 1724 2295 Rhenanus:

124 2345 403 2399 transposuit
435 2342 757 2384 tantummodo
790 2340 942 2381 literas
974 2338 1046 2380 vel
1079 2337 1208 2378 aliter
1242 2335 1462 2377 distinxit.
1495 2333 1562 2374 At
1588 2347 1725 2387 quam

125 2439 212 2481 ego
256 2424 629 2466 emendationem
673 2434 897 2476 propono,
942 2433 995 2460 ea
1038 2424 1087 2459 ut
1119 2431 1209 2459 una
1250 2416 1381 2457 litera
1423 2415 1648 2456 eximatur
1680 2419 1727 2455 et

125 2505 214 2548 alio
241 2505 344 2546 loco
371 2518 460 2546 una
477 2504 672 2545 addatur
689 2501 854 2543 lineola
872 2499 1085 2555 postulat.
1113 2497 1383 2551 Legendum
1401 2495 1522 2536 enim
1540 2509 1725 2536 censeo:

133 2585 283 2640 „quod
315 2585 392 2626 ubi
426 2598 518 2625 non
547 2577 686 2626 z—‘venz't
718 2579 968 2636 (invenit).'’
1003 2579 1123 2620 Nam
1156 2591 1274 2619 nunc
1302 2577 1486 2618 demum
1516 2581 1652 2626 recte,
1681 2580 1728 2617 et

128 2666 252 2720 quod
281 2666 339 2706 ad
366 2670 639 2706 structuram
667 2661 921 2703 sententiae
950 2665 996 2701 et
1023 2660 1080 2700 ad
1104 2658 1347 2699 verborum
1366 2656 1565 2711 pertinet
1583 2669 1727 2705 usum,

129 2747 241 2789 haec
284 2728 612 2788 annectuntur:
662 2741 972 2795 „Vultumque
1015 2743 1061 2779 et
1094 2737 1352 2778 libertatem
1386 2736 1576 2777 insontis
1609 2735 1727 2776 ultro

128 2826 393 2870 extimuit”:
436 2830 616 2867 tantum
659 2822 817 2864 aberat
861 2825 909 2861 ut
951 2819 1201 2873 quidquam
1244 2816 1427 2858 demissi
1470 2816 1728 2870 abiectique

129 2907 354 2950 inveniret
396 2912 446 2947 ut
488 2905 807 2946 extimesceret
850 2900 1021 2955 potius:
1064 2899 1126 2939 sic
1169 2898 1272 2939 illae
1313 2897 1470 2939 literae
1509 2896 1729 2937 sermonis

129 2986 339 3028 libertate
367 2986 408 3027 ei
436 2983 714 3038 intrepidum
742 2980 933 3022 insontis
960 2978 1134 3020 vultum
1163 2977 1398 3032 ponebant
1424 2982 1531 3018 ante
1559 2976 1727 3018 oculos.
