2040 3412
878 294 932 340 59

102 408 311 451 Romana
343 407 679 462 oppugnantes)
712 406 910 460 augebat
944 399 1198 460 amplitudo
1226 405 1345 455 valli,
1375 406 1499 460 quod
1530 405 1705 446 duabus

38 479 355 543 ’ Ῑεςίοιιίὒυε
396 488 532 528 situm
575 486 654 528 vix
696 487 898 541 quinque
938 486 1060 528 milia
1091 491 1369 528 armatorum
1402 487 1704 528 Romanorum

45 554 63 608 ⁷²
101 568 359 612 tuebantur.

54 639 58 642 ⁴
160 649 374 704 Ineptum
408 648 635 690 emblema
668 649 971 690 Romanorum
1006 662 1096 689 non
1130 653 1199 689 est
1231 648 1276 689 in
1310 647 1624 689 deterioribus.

51 782 54 783 ⁷
159 728 287 772 Addi
320 733 510 783 possunt
543 728 612 770 his
643 728 867 770 innumeri
894 728 996 778 loci,
1026 729 1070 769 in
1099 728 1263 781 quibus
1291 727 1589 769 emendandis
1613 727 1703 768 iam

39 804 66 866 Γ,
99 822 203 852 cum
250 808 607 862 „deterioribus”
645 808 731 849 illis
764 808 937 850 dudum
970 809 1169 849 editores
1201 808 1506 856 consentiunt,
1540 812 1586 848 et
1618 806 1706 847 for-

99 893 219 932 tasse
261 902 428 943 operae
471 889 668 943 pretium
712 888 845 930 fuerit
878 888 1138 943 diligentius
1172 889 1310 929 etiam
1343 901 1482 928 unum
1516 892 1561 928 et
1593 885 1703 928 alte-

30 997 47 1026 χ,
97 983 196 1013 rum
227 969 405 1011 illorum
438 975 652 1011 excutere
685 970 910 1019 codicum,
943 970 979 1010 si
1013 969 1128 1011 forte
1161 968 1251 1010 alia‘
1282 968 1344 1009 ibi
1371 968 1557 1017 lateant,
1587 981 1703 1022 quae

31 1039 46 1102 ζ
97 1046 126 1093 a
171 1050 500 1092 recentioribus
549 1050 716 1091 criticis
764 1051 967 1108 nondum
1015 1051 1105 1091 sint
1152 1051 1352 1100 inventa,
1402 1063 1505 1090 cum
1548 1054 1702 1090 tamen

99 1130 266 1186 Lipsiis
299 1136 344 1171 et
378 1130 621 1184 Madvigiis
655 1130 842 1184 indigna
871 1143 961 1171 non
991 1130 1170 1172 fuerint.
1199 1129 1274 1172 Sic
1301 1130 1486 1171 demum
1514 1142 1703 1184 appare-

23 1199 182 1261 ss1ffhit‚
225 1210 349 1264 quod
393 1215 439 1251 et
475 1211 572 1264 ipse
606 1224 689 1265 pro
722 1210 837 1252 virili
871 1216 1000 1265 parte
1036 1211 1349 1251 demonstrare
1382 1215 1571 1251 conatus
1603 1223 1702 1250 sum

99 1291 336 1347 prudentis
363 1305 461 1333 esse
489 1291 655 1332 critici:
690 1291 822 1345 „inde
850 1291 1036 1341 bonum,
1066 1291 1287 1346 reperitur
1313 1291 1405 1340 ubi,
1423 1290 1508 1332 sibi
1526 1303 1702 1331 sumere

100 1371 324 1427 semper”.

161 1452 294 1494 Nune
337 1457 491 1494 autern
523 1477 582 1482 -
614 1452 659 1494 id
703 1452 828 1506 quod
866 1452 1050 1506 cognati
1084 1458 1152 1493 est
1185 1453 1439 1506 argumenti
1472 1477 1530 1482 —-
1563 1466 1701 1492 unum

99 1538 146 1576 et
188 1532 380 1575 alterum
423 1533 574 1575 locum
616 1533 815 1584 afferam,
861 1533 938 1575 ubi
981 1534 1149 1574 tradita
1191 1533 1326 1574 lectio
1360 1534 1417 1574 sit
1450 1533 1702 1582 retinenda,

99 1627 205 1656 cum
237 1614 295 1656 ad
324 1627 402 1655 eos
429 1614 775 1655 emendationes
800 1614 891 1655 sint
919 1614 1195 1668 propositae,
1225 1627 1343 1667 quae
1370 1618 1448 1653 aut
1475 1612 1533 1653 ab
1563 1612 1708 1653 edito-

99 1694 222 1736 ribus
262 1700 475 1749 receptae
517 1695 607 1736 iam
651 1694 753 1744 sint,
793 1700 870 1736 aut
904 1698 1131 1748 magnam,
1166 1695 1313 1748 primo
1347 1699 1469 1734 certe
1503 1698 1703 1747 aspectu,

39 1767 54 1778 ‘
97 1774 298 1817 habeant
340 1775 435 1816 veri
475 1774 690 1829 speciem.
736 1774 872 1815 Haud
915 1775 1037 1815 enim
1080 1774 1238 1815 inutile
1282 1774 1463 1815 videtur
1495 1787 1575 1815 cur
1607 1773 1706 1814 reii-

95 1855 288 1898 ciendae
321 1855 424 1896 illae
456 1855 545 1896 sint
578 1855 733 1909 paucis
766 1855 1094 1896 demonstrare.

157 1935 216 1977 A.
250 1935 331 1986 XI,
362 1946 400 1977 2.
431 1936 535 1990 Ipsa
564 1935 840 1990 (Messalina)
870 1936 928 1977 ad
958 1935 1206 1990 perniciem
1234 1935 1476 1989 Poppaeae
1505 1934 1703 1984 festinat,

95 2016 304 2066 subditis,
336 2017 414 2070 qui
446 2021 618 2057 terrore
653 2017 846 2058 carceris
877 2017 934 2058 ad
969 2016 1271 2057 voluntariam
1301 2021 1494 2056 mortem
1524 2015 1703 2069 propel-

96 2095 256 2148 lerent,
298 2097 416 2138 adeo
456 2097 614 2151 ignaro
647 2097 853 2147 Caesare,
887 2102 937 2138 ut
971 2110 1140 2151 paucos
1173 2102 1277 2151 post
1311 2097 1408 2137 dies
1440 2096 1702 2150 epulantem

96 2177 218 2232 apud
265 2191 313 2218 se
362 2178 573 2219 maritum
621 2178 715 2218 eius
764 2177 1026 2231 Scipionem
1077 2182 1433 2231 percontaretur,
1483 2189 1560 2217 cur
1608 2176 1703 2216 sine

98 2271 239 2299 uxore
272 2257 586 2307 discubuisset,
620 2264 758 2312 atque
791 2258 866 2299 ille
898 2258 1100 2299 functam
1133 2257 1227 2298 fato
1261 2257 1572 2311 responderet.

161 2337 246 2379 Pro
288 2339 571 2394 responderet
611 2337 849 2379 Acidalius
892 2338 1166 2392 respondere,
1212 2337 1414 2378 Ritterus
1458 2337 1701 2391 respondet,

98 2417 334 2459 Ernestius
376 2419 603 2473 respondit
633 2418 939 2459 coniecerunt.
973 2417 1097 2472 Quas
1129 2418 1412 2458 cc'Jniecturas
1444 2431 1547 2458 cum
1580 2430 1702 2458 com-

98 2503 352 2539 memorent
391 2498 602 2548 editores,
635 2498 756 2539 haud
790 2498 950 2539 iniuria
984 2498 1040 2539 de
1074 2498 1242 2539 tradita
1275 2497 1471 2538 lectione
1505 2497 1702 2538 dubitari

94 2577 365 2631 significant.
400 2577 524 2619 Nihil
557 2584 711 2619 tamen
745 2578 911 2619 certius
943 2592 1080 2631 quarn
1114 2578 1244 2618 unice
1278 2591 1432 2619 veram
1461 2591 1561 2619 eam
1588 2591 1700 2619 esse.

0 2711 2 2718 y
30 2663 32 2665 ’
98 2657 251 2699 Etiam
283 2671 552 2712 responsum
587 2657 814 2712 Scipionis
847 2652 1195 2699 demonstrabat
1227 2671 1364 2711 quam
1397 2655 1556 2713 ignaro
1590 2658 1700 2700 Cae-

95 2750 194 2778 sare
233 2742 332 2778 tota
370 2737 443 2779 illa
475 2752 546 2779 res
579 2744 680 2779 acta
713 2743 844 2779 esset.
880 2737 997 2792 Qui?
1030 2738 1222 2792 quaeris,
1259 2738 1331 2779 Ex
1364 2739 1462 2793 ipso
1497 2738 1702 2780 Caesaris

98 2816 225 2858 vultu
267 2818 494 2859 efficiebat
527 2817 681 2872 Scipio
714 2819 920 2872 ignarum
953 2832 1051 2859 esse
1085 2819 1147 2859 rei
1182 2818 1445 2868 Caesarem;
1481 2819 1702 2873 intellige-

98 2896 178 2939 bat
221 2911 330 2952 ergo
372 2899 694 2939 tantummodo
738 2898 993 2939 cavendum
1032 2898 1117 2939 sibi
1150 2912 1248 2939 esse
1283 2912 1338 2940 ne
1370 2912 1588 2953 responso
1620 2912 1702 2940 suo

96 2976 386 3019 Messalinam
419 2977 604 3031 eiusque
638 2991 773 3019 canes
805 2978 1013 3019 irritaret.
1049 2976 1096 3019 Si
1131 2991 1239 3019 vero
1270 2977 1423 3031 aliquo
1457 2978 1596 3019 modo
1628 2991 1697 3019 su-
