2040 3412
1904 110 1916 125 r<
1892 70 1917 93 ‘<,(-.
1884 5 1923 65 ἐπείξῃ,

1074 327 1153 367 108

316 440 568 494 significare
611 441 862 484 videantur.
907 443 1024 485 Nam
1062 444 1236 499 legatus
1267 445 1457 500 legionis
1489 447 1524 487 si
1557 447 1653 501 ipse
1685 449 1908 492 centurio-

316 525 448 561 natus
492 521 583 570 dat,
629 526 782 575 potest
814 523 874 564 ob
905 537 1007 565 eam
1041 538 1135 566 rem
1169 526 1408 579 pecuniam
1440 527 1646 581 accipere
1677 528 1736 571 ab
1767 528 1908 573 ho'n‘o-

317 612 411 640 rem
455 598 579 640 illum
625 602 909 654 petentibus;
952 609 999 644 at
1031 617 1133 645 cum
1166 618 1270 645 suos
1302 604 1386 646 sibi
1419 606 1705 648 centuriones
1738 591 1977 662 eligunt-ffv

316 678 494 728 milites,
539 692 723 721 omnem
767 683 1016 735 praedandi
1060 683 1322 725 facultatem
1363 684 1538 739 legatus
1579 686 1743 728 amisit.
1787 686 1966 742 Ergo

315 758 360 799 z'n
385 759 606 812 praedam
638 761 835 802 vertebat
866 762 928 803 sic
962 768 1030 803 est
1057 763 1375 817 accipiendum
1401 770 1450 805 ut
1478 764 1708 807 Antonius
1733 766 1926 821 dicatur!

316 851 398 891 pro
441 838 628 879 consilio
671 839 761 890 illo,
806 854 896 895 quo
930 843 1076 883 omnis
1108 843 1346 897 disciplina
1378 844 1765 898 corrumpebatur,
1797 851 1906 888 mox

315 916 436 958 aliud
480 918 798 970 introduxisse,
841 922 963 974 quod
1007 922 1257 984 cuiusmodi
1295 922 1427 964 fuerit
1459 923 1677 966 hactenus
1708 929 1907 968 tantum·

315 997 453 1038 modo
497 999 650 1052 prodit
698 999 883 1041 Tacitus
926 1006 974 1042 ut
1019 1002 1141 1042 dicat
1189 1003 1439 1055 praedandi
1486 1002 1595 1044 illud
1642 990 1976 1064 facultatem

315 1075 520 1118 Antonio
554 1078 826 1131 praebuisse.

377 1155 515 1197 Paulo
559 1163 662 1211 post
706 1158 758 1212 (c.
795 1159 865 1213 58)
907 1159 1030 1201 idem
1072 1162 1274 1203 vertendi
1314 1162 1503 1204 verbum
1538 1162 1908 1217 explanationem

319 1236 548 1288 quandam
589 1239 816 1291 requirere
850 1239 1041 1281 videtur.
1075 1241 1237 1282 Victus
1270 1242 1358 1282 iam
1391 1247 1437 1283 et
1470 1240 1734 1297 profligatus
1765 1242 1911 1286 vitel-⁴

315 1313 399 1356 lius
432 1322 639 1358 senatum
672 1325 919 1360 convocat:

380 1395 646 1448 „Servorum
676 1412 911 1440 numerum
939 1405 986 1441 et
1013 1401 1191 1454 pondus
1217 1401 1392 1455 argenti
1419 1401 1909 1454 senatoribusindicitg

315 1476 491 1528 equites
518 1477 713 1519 Romani
742 1479 947 1520 obtulere
975 1493 1160 1535 operam
1187 1482 1504 1535 pecuniasque,
1531 1482 1668 1523 etiam
1685 1481 1913 1525 libertinis

315 1555 436 1596 idem
477 1570 639 1598 munus
680 1558 796 1600 ultro
837 1559 1157 1614 flagitantibus.
1199 1561 1266 1602 Ea
1297 1561 1524 1603 simulatio
1557 1562 1692 1604 officii
1722 1575 1749 1604 a
1780 1567 1904 1605 metu
1980 1573 1986 1597 ἐ·

316 1636 520 1689 profecta
550 1646 746 1680 verterat
775 1640 820 1680 z'n
842 1641 1080 1694 favorem;
1109 1654 1161 1682 ac
1191 1641 1393 1696 plerique
1411 1641 1532 1683 haud
1550 1642 1741 1696 proinde
1759 1638 1904 1685 Vitel-

314 1715 423 1757 lium
456 1731 592 1770 quam
627 1732 780 1760 casum
812 1719 1054 1774 locumque
1086 1721 1366 1775 principatus
1398 1721 1771 1764 miserabantur”.

376 1797 477 1838 Hoc
521 1805 672 1840 narrat
713 1800 920 1841 Tacitus:
961 1801 1193 1853 „homines
1226 1801 1429 1855 opulenti
1462 1802 1660 1844 officium
1689 1802 1907 1849 simulare

313 1883 560 1930 coeperant
585 1884 707 1919 metu
727 1878 1074 1920 Vitellianorum
1093 1880 1285 1922 militum
1304 1886 1349 1922 et
1366 1881 1602 1923 clamantis
1619 1880 1904 1937 plebeculae;
1950 1876 1988 1944 ᾗ

312 1962 359 1997 at
401 1971 459 1998 ex
490 1971 543 1999 ea
575 1959 860 2000 simulatione
894 1961 1235 2013 quodammodo
1268 1960 1395 2002 favor
1425 1961 1611 2015 quidam
1643 1965 1741 2003 erat
1772 1965 1904 2003 natus

313 2036 517 2090 (fortasse
550 2039 669 2091 quia,
704 2052 806 2080 cum
838 2040 975 2080 animi
1003 2040 1142 2081 semel
1169 2045 1273 2081 sunt
1301 2041 1532 2091 commoti,
1559 2040 1766 2082 homines
1792 2040 1902 2095 quid
1946 2053 2001 2103 ὲ,

312 2130 468 2158 revera
510 2118 708 2159 sentiant
749 2132 842 2160 -non
886 2125 1120 2173 quaerunt,
1165 2119 1352 2160 fortasse
1391 2120 1528 2161 etiam
1561 2120 1667 2173 quia
1698 2119 1743 2162 in
1775 2124 1904 2169 tanta
1944 2110 1993 2177 4³1

313 2196 643 2238 clamitantium
686 2198 974 2240 multitudine
1016 2198 1146 2240 facile
1178 2200 1235 2240 ad
1269 2199 1453 2253 quosvis
1484 2199 1673 2240 assectus
1705 2197 1915 2254 compel-'

312 2276 463 2317 luntur
505 2277 725 2319 homines.
770 2278 897 2320 Haec
939 2285 1061 2320 certe
1105 2279 1269 2320 favoris
1311 2292 1445 2320 causa
1482 2278 1731 2335 accedebat
1761 2277 1917 2333 quod)

311 2356 514 2410 plerique
572 2358 692 2399 haud
750 2359 941 2412 proinde
989 2358 1225 2400 Vitellium
1277 2372 1412 2412 quam
1461 2371 1614 2400 casum
1660 2352 1901 2412 locumque

312 2436 591 2490 principatus
624 2438 994 2479 miserabantur”.
1744 2499 1752 2503 <

372 2515 429 2556 H.
464 2516 546 2566 IV,
583 2526 650 2570 54.
695 2518 800 2558 Post
843 2523 1036 2558 mortem
1070 2517 1243 2558 Vitellii
1280 2522 1326 2558 et
1358 2517 1480 2571 apud
1514 2516 1765 2558 Germanos
1794 2514 1902 2558 beili

311 2595 444 2635 ardor
487 2601 676 2649 augetur
719 2602 764 2637 et
807 2596 922 2638 Galli
964 2597 1139 2638 animos
1171 2596 1348 2637 tollunt.
1384 2596 1630 2649 Utriusque
1662 2596 1725 2637 rei
1757 2595 1903 2637 causis

311 2675 498 2715 narratis
530 2674 643 2716 haec
675 2676 804 2716 addit
836 2676 1044 2717 Tacitus:

375 2754 734 2808 „incesseratque
776 2755 908 2804 fama,
953 2756 1172 2809 primores
1216 2754 1461 2797 Galliarum
1503 2754 1562 2796 ab
1606 2752 1790 2796 Othone
1822 2753 1920 2795 ad·'

310 2846 463 2873 versus
496 2833 730 2875 Vitellium
775 2835 946 2884 missos,
991 2841 1236 2889 antequam
1270 2835 1626 2888 digrederentur,
1660 2832 1900 2887 pepigisse,

310 2925 365 2952 ne
393 2913 603 2953 deessent
629 2913 841 2963 libertati,
870 2915 905 2955 si
935 2915 1152 2969 populum
1183 2915 1440 2956 Romanum
1469 2913 1685 2954 continua
1701 2910 1900 2954 civilium
1947 2908 1979 2938 '.-

309 2990 528 3032 bellorum
561 2993 697 3034 series
729 2986 778 3035 et
806 2994 984 3035 interna
1016 2995 1134 3036 mala
1166 2993 1444 3049 fregissent”.
