2040 3412
866 269 943 322 165

101 387 242 430 oculis
269 388 553 429 inimicorum
582 387 712 437 foret,
741 388 850 442 quid
881 389 1048 431 deinde
1077 389 1354 430 miserrimae
1377 389 1572 443 coniugi,
1595 388 1705 442 quid

31 478 57 514 ᾖ
98 466 347 510 infantibus
373 467 526 509 liberis
554 467 853 511 eventurum?
880 469 1031 511 Lenta
1059 470 1202 511 videri
1231 470 1465 519 veneficia,
1494 469 1706 511 festinare

46 542 57 587 f
96 553 144 592 et
174 560 350 603 urgere,
383 553 432 590 ut
465 548 762 602 provinciam,
797 554 846 590 ut
880 549 1082 603 legiones
1115 550 1237 592 solus
1270 549 1481 591 habeat.”

138 628 319 690 ‘Neque
366 628 454 670 hoc
501 628 826 683 negligendum
875 643 993 680 eum,
1038 631 1113 684 qui
1158 630 1391 685 popellum
1436 629 1706 684 alloquatur,

101 708 246 764 digito
281 714 533 751 monstrare
562 709 768 750 homines
797 724 911 764 quos
939 715 1134 760 accusat,
1163 709 1298 764 longe
1327 710 1460 752 aliam
1488 725 1585 752 esse
1613 711 1708 752 eius

22 788 36 829 ’ᾗ
93 789 370 845 orationem,
402 789 479 843 qui
512 788 633 830 solus
665 803 818 831 secum
853 790 910 830 de
943 790 1212 831 adversariis
1243 791 1334 831 suis
1366 790 1550 851 cogitat.

162 949 197 992 1.
228 960 295 1004 32.
324 950 395 991 De
425 949 796 992 Germanicarum
822 950 1054 1005 legionum
1082 951 1307 993 seditione
1336 957 1382 993 et
1408 951 1495 993 alia
1523 957 1569 993 et
1594 952 1707 992 haec

102 1035 364 1073 narrantur:

165 1110 402 1166 „Repente
444 1110 670 1165 lymphati
714 1112 941 1153 destrictis
981 1112 1144 1166 gladiis
1186 1113 1230 1153 in
1264 1114 1551 1154 centuriones
1584 1113 1707 1154 inva-

38 1213 54 1222 —
100 1190 215 1233 dunt
217 1222 347 1233 .....
392 1191 647 1233 Prostratos
689 1192 954 1233 verberibus
996 1193 1212 1243 mulcant,
1245 1194 1459 1248 sexageni
1492 1193 1704 1247 singulos,

23 1280 29 1295 ³
98 1276 148 1313 ut
180 1284 418 1313 numerum
451 1272 767 1314 centurionum
802 1273 1135 1326 adaequarent;
1171 1278 1267 1314 tum
1301 1273 1542 1314 convulsos
1570 1273 1707 1315 lania-

32 1367 37 1385 2
97 1356 262 1406 tosque
291 1356 337 1393 et
365 1351 531 1406 partim
558 1353 795 1393 exanimos
823 1358 928 1393 ante
947 1352 1114 1394 vallum
1134 1358 1211 1394 aut
1230 1354 1274 1393 in
1293 1366 1475 1394 amnem
1495 1353 1706 1394 Rhenum

30 1423 31 1427 ¹
102 1431 377 1487 proiciunt.’'

160 1511 238 1554 Ad
269 1512 482 1567 sexageni
509 1512 707 1567 singulos
740 1512 853 1553 haec
888 1517 1079 1554 annotat
1113 1513 1443 1567 Nipperdeius:

167 1592 279 1646 „Die
324 1592 543 1635 Soldaten
587 1592 871 1651 betrachten,
916 1607 1006 1634 was
1050 1593 1138 1634 den
1178 1592 1412 1634 einzelnen
1447 1607 1536 1634 von
1571 1593 1706 1634 ihnen

17 1665 30 1694 *s
102 1673 315 1730 geschah,
358 1673 441 1715 wie
484 1673 588 1715 dem
630 1674 810 1728 Ko'rper
843 1687 900 1714 an
922 1670 1082 1718 ‘einem
1117 1673 1258 1723 Teile,
1291 1687 1342 1714 so
1374 1673 1439 1714 als
1471 1673 1588 1714 allen
1622 1674 1708 1714 ins-

38 1771 68 1789 ζ
100 1759 279 1808 gesamt
303 1753 488 1808 gethan.
517 1754 620 1804 Wie
647 1753 742 1795 also
770 1754 829 1796 60
857 1754 1156 1795 centurionen
1186 1754 1259 1795 die
1283 1754 1458 1808 Legion
1476 1753 1707 1807 schlugen,

101 1847 152 1876 so
194 1834 305 1876 wird
344 1834 460 1888 jetzt
497 1834 628 1888 Jeder
672 1834 888 1876 Centurio
934 1849 1023 1876 von
1067 1835 1125 1876 60
1169 1834 1387 1876 Soldaten
1419 1834 1707 1888 geschlagen,

11 1910 57 1927 ”
102 1927 178 1957 um
217 1914 356 1970 jeden
401 1914 608 1956 dasselbe
647 1914 801 1956 fuhlen
837 1929 888 1955 zu
922 1914 1084 1964 lassen,
1118 1929 1208 1956 was
1240 1915 1392 1955 bisher
1424 1915 1497 1956 die
1531 1915 1707 1969 Legion

12 1978 29 2054 j
101 1993 276 2048 geffihst
309 1993 433 2036 hat-‚³⁹

26 2071 27 2074 “
162 2074 224 2116 Et
266 2074 431 2130 probat
473 2075 559 2116 ista
602 2075 859 2116 FurneauX.
906 2075 972 2116 At
1013 2088 1099 2129 ego
1144 2075 1220 2115 vix
1263 2075 1400 2116 credo
1443 2080 1618 2116 tantam
1663 2076 1707 2115 in

19 2211 23 2218 .
102 2155 321 2198 militibus
362 2155 448 2197 illis
490 2156 623 2197 fuisse
665 2156 935 2205 doctrinam,
970 2161 1048 2197 aut
1080 2161 1256 2196 tantam
1290 2156 1334 2196 in
1368 2156 1709 2197 centurionibus

15 2220 22 2289 [J
101 2235 397 2290 sagacitatem
441 2242 490 2277 ut
531 2236 915 2290 sapientissimum
961 2236 1069 2277 illud
1114 2235 1307 2277 militum
1345 2235 1582 2277 consilium
1616 2250 1706 2277 non

8 2307 42 2366 ’ᾗ
101 2315 324 2358 admoniti
356 2316 510 2358 statim
544 2316 867 2370 perspicerent.
903 2316 979 2356 An
1009 2329 1174 2370 praeco
1203 2315 1363 2369 aliquis
1390 2316 1602 2358 adstabat
1630 2317 1706 2370 qui

25 2415 35 2439 ς
103 2395 223 2438 clara
254 2409 367 2438 voce
399 2395 538 2438 latine
572 2410 626 2437 ea
659 2396 950 2446 declamaret,
984 2410 1101 2449 quae
1128 2396 1172 2436 in
1203 2396 1471 2450 Nipperdeii
1498 2395 1708 2450 leguntur

103 2475 427 2518 annotatione?
456 2476 561 2518 Non
590 2476 766 2530 opinor.
796 2476 896 2522 Iure
926 2490 1033 2530 ergo
1063 2476 1245 2517 miseret
1274 2476 1604 2525 centurionum,
1630 2475 1706 2530 qui

17 2565 31 2571 ¹
103 2557 418 2607 convellantur,
446 2557 684 2607 lanientur,
713 2557 879 2611 partim
906 2556 1130 2598 exanimes
1148 2556 1435 2610 proiciantur
1463 2561 1509 2596 et
1537 2569 1592 2596 ne
1621 2555 1707 2596 hoc

103 2637 303 2692 quidem,
346 2637 466 2679 haud
510 2638 611 2679 leve
655 2637 876 2691 profecto,
917 2637 1075 2677 mortis
1108 2635 1308 2677 habeant
1339 2635 1549 2677 solatium
1583 2637 1707 2690 quod

108 2717 415 2772 „symbolice”
458 2732 506 2759 se
554 2717 769 2772 vapulare
818 2717 1030 2758 sentiant.
1081 2715 1171 2758 Sed
1221 2716 1396 2766 frustra,
1439 2722 1488 2757 ut
1531 2716 1707 2770 opinor,

24 2795 31 2818 ³
105 2799 344 2842 desudavit
387 2799 717 2854 Nipperdeius:
763 2797 883 2839 nulla
927 2798 1048 2839 enim
1092 2798 1326 2839 doctrinae
1371 2798 1437 2838 vis
1480 2802 1608 2839 tanta
1641 2803 1709 2839 est

32 2904 35 2930 ς.
105 2885 154 2921 ut
196 2879 256 2929 id,
300 2881 423 2934 quod
466 2879 540 2921 ille
583 2879 740 2928 voluit,
785 2893 809 2919 e
852 2878 1002 2920 verbis
1044 2886 1093 2920 ut
1133 2892 1363 2920 numerum
1407 2879 1707 2920 centurionum

106 2960 409 3014 adaequarent
439 2959 530 3001 ullo
565 2960 703 3001 modo
737 2959 879 3013 possit
912 2959 1187 3013 extorqueri.
1224 2959 1501 3009 ReddamuS,
1530 2972 1708 3011 censeo,
