2040 3412
903 306 983 350 133

91 416 282 469 jfevasit
321 429 424 458 cum
457 415 597 471 signis
630 416 928 471 captivisque,
961 430 1076 472 quos
1110 416 1255 473 prima
1287 417 1384 460 acie
1416 416 1742 472 corripuerant.

82 492 382 559 jfssaesorum
415 509 471 538 eo
502 479 576 538 die
611 495 656 536 in
689 496 894 550 partibus
927 498 1092 539 nostris
1128 498 1270 540 maior
1302 511 1527 547 numerus,
1561 502 1630 538 set
1662 497 1743 538 im-

89 560 314 634 ’ᾗεΙῙίοτς
360 590 385 618 ε
429 575 668 618 Germanis
716 577 814 631 ipsa
862 577 1040 620 robora.
1090 579 1200 621 Dux
1242 587 1424 633 uterque
1457 578 1575 634 pari
1613 577 1743 634 culpa

95 643 322 705 42²ffie=ritus
351 657 559 707 adversa,
585 658 823 713 prosperis
854 658 1083 713 defuere.’'

12 738 15 739 ⁷
95 727 161 795 '³
195 737 515 781 Narrationem
544 736 715 780 claudit
738 739 966 780 sententia
993 740 1324 790 venustissima,
1348 740 1428 782 sed
1453 739 1578 781 cuius
1601 739 1744 782 altera

213 822 312 861 tum
355 831 460 873 pars
498 817 633 859 rebus
665 818 773 873 ipsis
806 823 851 860 et
884 819 1064 861 veritati
1096 820 1358 875 respondet,
1390 819 1532 861 altera
1564 825 1633 862 est
1666 819 1744 862 fal-

220 899 324 942 ima.
369 897 491 953 Quid
534 893 686 944 enim?
727 899 780 940 In
821 904 1014 953 utroque
1048 900 1162 941 duce
1197 900 1324 955 culpa
1357 899 1454 951 fuit,
1488 914 1632 955 eaque
1665 901 1743 942 ad-

218 979 327 1023 dum
374 978 547 1034 gravis:
597 978 804 1021 Voculae
831 977 1131 1035 'negligentia
1173 975 1343 1022 factum
1386 986 1454 1022 est
1498 986 1546 1022 ut
1588 980 1743 1023 Civilis

202 1059 390 1114 tavique
437 1059 696 1114 „improvisi
738 1065 886 1104 castra
926 1058 1159 1101 involare”
1203 1066 1388 1115 possent
1401 1078 1410 1111 ;
1447 1060 1601 1102 Civilis
1633 1066 1742 1102 ster-

75 1136 312 1208 nssf‘ffliendis,
356 1153 471 1195 quos
513 1145 619 1182 ante
644 1139 819 1182 'oculos
863 1140 1078 1191 habebat,
1121 1141 1327 1182 hostibus
1362 1141 1494 1182 nimis
1527 1142 1742 1191 intentus,

0 1215 3 1260 ἶ
70 1211 244 1279 siquid
286 1235 314 1264 a
354 1226 485 1276 tergo
527 1220 656 1285 fieret
699 1234 791 1262 non
823 1221 1234 1271 animadvertebat,
1269 1235 1417 1276 neque
1450 1235 1559 1276 ergo
1593 1222 1743 1277 prohi-

75 1292 244 1356 {jbere
270 1301 421 1357 potuit
447 1301 691 1356 quominus
717 1315 902 1343 suorum
931 1315 1097 1356 magna
1124 1315 1228 1357 pars
1255 1302 1570 1343 trucidaretur.
1600 1302 1744 1356 Igitur

71 1381 181 1447 ‘gin
223 1386 419 1436 utroque
461 1381 577 1423 duce
615 1394 707 1423 non
739 1380 885 1422 solum
919 1382 1047 1436 culpa
1079 1381 1162 1423 fuit
1196 1382 1276 1423 sed
1310 1382 1448 1423 etiam
1471 1389 1567 1437 par
1600 1382 1743 1437 culpa,

75 1449 339 1527 ¹ssutnmae
372 1476 538 1517 nempe
570 1462 890 1517 negligentiae.
925 1461 1016 1504 Sed
1049 1462 1159 1504 illud
1197 1463 1450 1517 „prosperis
1482 1462 1669 1504 deesse'’
1698 1463 1743 1504 in

137 1555 276 1587 unum
319 1542 544 1585 Voculam
582 1543 812 1584 convenit.
847 1543 967 1584 Nam
1000 1542 1155 1585 Civilis
1187 1544 1387 1598 quidem,
1422 1543 1639 1597 quamdiu
1674 1557 1743 1584 res

62 1611 355 1682 {J'ss'rprospere
397 1624 488 1665 suis
531 1623 740 1673 cedebat,
785 1623 972 1665 minime
1016 1623 1179 1665 defuit:
1223 1624 1364 1665 immo
1408 1623 1492 1664 nisi
1530 1628 1743 1678 „repente

8 1756 9 1759 Ἴ
62 1705 111 1758 ᾗ
139 1714 261 1749 novo
303 1698 472 1747 auxilio
515 1703 696 1746 fortuna
738 1690 951 1759 pugnae*
993 1710 1167 1746 mutata
1210 1709 1342 1754 esset,
1385 1704 1505 1758 ipsas
1542 1703 1744 1758 legiones

59 1769 452 1844 ine->Romanorum
496 1785 735 1827 occidione
779 1784 1033 1826 occidisset.
1076 1783 1196 1838 Quid
1231 1784 1352 1825 enim
1385 1789 1454 1825 est
1493 1783 1745 1838 „prosperis

63 1851 345 1918 Ff-:deesse’ff
393 1866 458 1910 Ut
506 1866 692 1920 opinor:
738 1865 928 1907 victoria
971 1878 1051 1906 sua
1094 1878 1184 1906 non
1228 1865 1368 1913 abuti,
1413 1865 1492 1906 sed
1535 1865 1746 1905 socordia

7 1945 9 1947 ¹
62 1947 93 2004 ‘j
136 1947 417 2002 mollitieque
466 1947 672 1989 hostibus
713 1946 1002 1988 occasionem
1046 1946 1265 2000 praebere
1307 1945 1602 1987 subtrahendi
1646 1959 1743 1987 sese

64 2015 91 2081 ξ
136 2027 352 2085 pericuIO.
386 2027 490 2069 Hoc
522 2026 701 2069 Vocula
734 2026 985 2076 commisit3
1016 2026 1210 2067 etenim:
1244 2039 1408 2079 „eques
1436 2025 1744 2080 (Batavorum)

27 2091 35 2099 x
74 2113 94 2164 ἶ
138 2108 282 2152 evasit
314 2121 418 2150 cum
451 2107 590 2163 signis
618 2107 918 2162 captivisque,
946 2119 1061 2161 quos
1089 2106 1234 2160 prima
1261 2106 1357 2146 acie
1387 2104 1742 2159 corripuerant”;

79 2219 93 2253 tj
139 2190 416 2244 magnopere
459 2201 568 2242 ergo
612 2187 991 2242 reprehendenda
1034 2187 1129 2228 eius
1173 2186 1463 2240 negligentia,
1507 2186 1543 2226 si
1586 2199 1743 2234 verum

8 2255 9 2259 Ἰ
67 2256 89 2319 Α,
141 2275 222 2321 est,
266 2270 390 2325 quod
430 2274 529 2311 tota
562 2268 821 2310 narratione
854 2267 1080 2322 significat
1111 2267 1309 2316 Tacitus,
1345 2279 1485 2320 penes
1518 2264 1744 2307 Voculam

71 2366 91 2405 23
138 2350 273 2393 fuisse
316 2350 455 2391 etiam
498 2349 705 2403 captivos
746 2347 845 2389 illos
884 2347 1104 2402 signaque
1148 2359 1428 2400 recuperare.
1468 2346 1744 2386 Batavorum

14 2430 17 2433 ’
138 2443 247 2474 vero
275 2430 439 2472 ducem
467 2429 629 2471 eadem
655 2428 899 2483 complecti
929 2427 1264 2482 vituperatione
1287 2426 1532 2467 absurdum
1551 2426 1744 2467 videtur.

202 2510 436 2553 Laudatur
474 2523 611 2564 saepe
643 2509 792 2550 Taciti
830 2506 1196 2562 „psychologia”:
1231 2506 1429 2561 pectoris
1462 2506 1646 2547 humani
1680 2519 1746 2547 re-

63 2589 95 2638 3·
143 2604 306 2641 cessus,
349 2590 558 2645 quamvis
600 2589 795 2638 abditos,
840 2587 948 2629 nulli
992 2588 1135 2642 magis
1178 2600 1316 2641 quam
1349 2586 1411 2627 illi
1445 2586 1579 2628 fuisse
1611 2592 1746 2628 notos

0 2697 18 2724 χ,
141 2671 394 2714 communis
437 2676 505 2712 est
549 2670 774 2724 quaedam
818 2669 1055 2710 hominum
1099 2668 1268 2722 opinio.
1313 2667 1475 2721 Neque
1508 2680 1594 2721 ego
1628 2680 1746 2720 nego

59 2746 62 2751 ’
118 2751 391 2807 μειιὶῐῐιοείιιιῑῑ
421 2751 586 2792 multas
616 2764 674 2791 ex
701 2751 796 2792 eius
823 2749 948 2791 libris
974 2749 1120 2790 afferri
1150 2762 1282 2803 posse
1301 2748 1564 2797 sententias,
1582 2747 1747 2802 quibus

0 2888 2 2891 v
141 2836 343 2873 secretae
369 2831 605 2873 hominum
633 2830 950 2884 cogitationes,
978 2842 1232 2883 causaeque
1260 2828 1603 2877 remotissimae,
1630 2842 1746 2882 quae

0 2918 2 2933 ³
143 2910 372 2954 interdum
405 2911 463 2953 ad
498 2911 727 2966 agendum
761 2909 998 2964 impellant
1030 2908 1252 2958 homines,
1286 2908 1460 2962 optime
1489 2908 1747 2950 describan-

9 2985 12 2990 ‘
63 2974 102 3050 ¹1}
144 2996 229 3033 tur.
263 2991 354 3034 Sed
391 2991 659 3046 plerumque
692 3004 746 3032 ea
777 2995 873 3031 arte
906 2989 1047 3030 utitur
1073 2988 1131 3029 ad
1160 3001 1316 3029 eorum
1344 2987 1526 3044 ingenia
1555 2993 1600 3029 et
1628 2987 1763 3035 facta
