2040 3412
1111 291 1166 332 26

341 396 675 463 quies-dicitur
717 423 873 451 eorum
907 411 1099 453 militum
1133 412 1209 466 qui
1243 425 1334 452 non
1367 411 1548 465 rapiunt
1579 410 1673 459 sed,
1707 415 1756 452 ut
1787 416 1859 452 est
1888 388 1973 469 inf

338 488 618 543 lepidissimo
665 489 996 532 Wallensteinii
1044 490 1324 533 Schilleriani
1368 504 1512 540 versu,
1561 491 1790 543 „contenti
1832 480 1975 548 διωξ-

339 581 457 622 pane
499 582 581 610 suo
626 569 850 611 militari”.
893 571 945 612 In
984 585 1097 625 pace
1129 577 1282 612 autem
1316 571 1424 625 quid
1459 576 1614 625 raptus
1647 570 1840 613 militum
1872 556 1984 629 ins-‘¹³3’

339 648 494 690 hibet?
528 648 710 699 Severa,
744 651 919 704 opinor,
953 651 1204 706 disciplina,
1238 651 1367 692 labor
1399 650 1647 705 improbus,
1675 633 1979 706 exemplumf

341 729 481 770 ducis.
526 728 599 771 Sic
630 730 807 784 integra
841 731 969 784 quies
1001 731 1168 785 vigoris
1199 731 1294 772 fieri
1327 736 1479 785 potest
1510 744 1658 772 causa.
1692 730 1826 773 Nunc
1856 714 1979 775 dua?

340 808 452 850 abus
486 809 670 850 mutatis
701 809 901 860 literulis,
937 810 1007 851 vel
1041 810 1229 852 fortasse
1263 825 1351 852 una
1385 810 1506 865 (nam
1532 810 1659 852 labor
1685 811 1806 852 istud
1834 798 1990 875 ηιίεϊῖ·

340 902 438 929 sum
481 889 684 944 facimus)
717 889 864 931 Taciti
898 891 1071 932 restitui
1105 904 1263 933 manus
1297 896 1471 945 potest:
1506 895 1818 945 quantumque
1850 882 1988 951 ὶῙῙίῆζξ

339 968 514 1009 roboris
547 969 806 1011 discrimina
838 975 885 1011 et
916 969 1056 1020 labor,
1091 976 1269 1012 tantum
1303 971 1371 1012 his
1404 971 1571 1024 vigoris
1601 970 1850 1014 addiderat.
1869 968 1989 1023 ἰὴὲ-*Ῐζ

338 1053 467 1102 tegra
494 1049 621 1103 quies
647 1055 694 1090 et
720 1050 962 1104 inexpertis
986 1050 1093 1092 bello
1119 1050 1208 1105 (vel
1234 1051 1346 1092 belli.
1378 1051 1565 1104 Legitur
1583 1050 1706 1092 enim
1722 1049 1782 1092 H.
1801 1032 2000 1111 11275331

338 1129 526 1183 legiones
550 1129 674 1170 civili
697 1129 804 1171 bello
830 1130 1096 1184 inexpertas,
1124 1130 1182 1171 A.
1213 1130 1339 1179 XVI,
1366 1140 1386 1184 5
1413 1144 1437 1172 e
1459 1130 1655 1172 lectione
1679 1123 1994 1196 PuteolaniiJ-ss'

343 1208 552 1250 lasciviae
593 1210 843 1264 inexperti).
886 1210 948 1252 Et
969 1209 996 1264 ¹)
1027 1210 1276 1265 inexpertis
1308 1210 1428 1252 bello
1461 1211 1487 1252 i.
1521 1225 1560 1252 e.
1590 1200 1861 1266 quamquam
1890 1198 1991 1274 inff-

341 1289 485 1329 aciem
535 1302 766 1343 nunquam
815 1295 944 1331 erant
992 1290 1196 1339 eductae,
1242 1296 1395 1332 tamen
1438 1291 1641 1345 vigorem
1683 1275 2002 1354 legionibus’fijfi

341 1369 531 1410 dederat
563 1369 740 1424 integra
771 1370 892 1423 quies
923 1370 950 1410 i.
984 1383 1022 1410 e.
1056 1370 1272 1411 severitas
1305 1370 1583 1425 disciplinae.

400 1447 533 1490 Alter
570 1448 733 1503 legitur
765 1449 824 1491 H.
860 1450 941 1499 III,
975 1459 1054 1504 77:
1094 1450 1299 1503 „interim
1331 1450 1388 1491 ad
1425 1450 1477 1491 L.
1516 1449 1750 1492 Vitellium
1780 1461 1993 1513 sexatrus-,jr

342 1527 546 1582 Verginii
579 1528 813 1583 Capitonis
845 1529 1054 1584 perfugit,
1089 1529 1418 1584 pollicitusque,
1451 1529 1487 1570 si
1521 1526 1795 1584 praesidium
1820 1529 1937 1572 acei-¹
1971 1527 1979 1588 J

341 1613 482 1661 peret,
515 1622 701 1650 vacuam
733 1623 880 1651 arcem
913 1610 1192 1652 traditurum
1225 1623 1263 1650 e.
1297 1623 1340 1664 q.
1374 1609 1438 1651 s”.
1471 1608 1631 1664 Quivis
1662 1609 1750 1660 hic,
1783 1608 1944 1672 obiter
1978 1618 2000 1666 ἦ.

338 1689 534 1742 aspectis
581 1689 730 1730 verbis
776 1704 962 1732 vacuam
1011 1704 1172 1740 arcem,
1215 1695 1451 1744 exspectet
1493 1704 1520 1732 a
1560 1703 1692 1732 servo
1734 1689 1812 1732 illo
1852 1703 2006 1747 per

340 1767 544 1822 ignotam
577 1770 806 1822 quandam
840 1770 1221 1812 incustoditamve
1254 1771 1462 1812 semitam
1494 1783 1663 1825 paucos
1694 1770 1741 1812 in
1768 1752 2003 1821 arcem,

340 1852 449 1888 tunc
492 1847 607 1890 forte
651 1862 839 1890 vacuam
884 1849 1112 1899 militibus,
1156 1851 1391 1892 inductum
1429 1850 1480 1891 iri
1514 1849 1692 1891 milites.
1725 1848 1792 1891 At
1823 1849 1938 1904 quid

341 1925 419 1967 fit?
461 1927 512 1968 In
556 1927 759 1978 collibus,
805 1929 880 1983 qui
919 1929 1018 1970 urbi
1051 1929 1302 1979 imminent,
1335 1930 1490 1983 copias
1521 1929 1628 1984 (non
1661 1929 1726 1970 ita
1755 1941 1933 1984 parvaS,

341 2011 389 2046 ut
431 2007 608 2061 opinor)
651 2008 866 2062 disponit,
909 2022 1026 2062 quae
1066 2009 1171 2050 inde
1204 2009 1447 2050 decurrunt
1479 2009 1537 2050 ad
1571 2009 1760 2050 caedem
1791 1995 1999 2064 magis

340 2099 476 2138 quam
509 2086 566 2127 ad
600 2100 822 2141 pugnam:
857 2088 1192 2142 oppidanorum
1225 2089 1453 2129 neminem
1486 2089 1531 2129 in
1557 2101 1708 2129 arcem
1728 2087 1946 2143 effugere
1969 2066 1992 2099 „¹

340 2166 492 2206 conari
536 2166 763 2217 miramur,
805 2168 886 2209 sed
928 2168 1115 2210 omnino
1157 2169 1214 2209 de
1255 2181 1358 2209 arce
1399 2166 1530 2213 οὐδεὶς
1571 2165 1714 2218 λόγος.
1750 2158 2005 2223 Prorsusss

340 2245 502 2286 eodem
536 2246 674 2287 modo
707 2247 967 2301 quingentis
998 2248 1090 2295 fere
1118 2248 1247 2289 annis
1273 2253 1408 2289 antea
1435 2248 1596 2289 eadem
1625 2247 1732 2289 urbs
1758 2246 1935 2302 capitur

340 2337 366 2364 a
409 2323 599 2366 Servilio
642 2326 792 2367 Ahala
833 2327 948 2381 (Liv.
983 2327 1064 2377 IV,
1102 2327 1194 2382 59):
1229 2333 1338 2368 tunc
1370 2340 1552 2381 quoque
1583 2326 1753 2369 nullam
1783 2313 2006 2388 arem-fg

339 2404 583 2446 Tarracina
611 2405 820 2447 habuisse
848 2407 1048 2457 videtur3
1079 2408 1115 2447 si
1143 2407 1314 2456 habuit,
1343 2412 1465 2447 certe
1493 2407 1642 2447 diruta
1667 2419 1722 2447 ea
1742 2410 1938 2449 est-cum&
1964 2439 1989 2446 ,

341 2482 519 2524 colonia
561 2485 770 2526 Romana
806 2486 912 2527 urbs
945 2486 1064 2527 facta
1096 2491 1163 2527 est
1198 2486 1313 2540 (Liv.
1348 2487 1387 2535 8,
1422 2485 1507 2539 21).
1542 2485 1753 2538 Denique
1782 2479 1965 2526 totum⁵
1989 2482 2004 2491 ‘⁴

340 2561 449 2603 illud
490 2576 676 2605 vacuam
708 2579 856 2606 arcem
888 2566 1069 2607 tradam
1102 2579 1128 2606 a
1159 2578 1290 2606 servo
1329 2562 1727 2619 „proverbialiter”
1759 2563 1935 2605 dictum
1959 2557 2001 2626 ‘³31

341 2646 430 2682 est:
480 2642 550 2694 „in
589 2632 695 2684 'eum
733 2658 814 2685 vos
848 2645 1071 2686 deducam
1104 2644 1253 2685 locum
1286 2649 1335 2685 ut
1368 2657 1459 2685 non
1495 2643 1641 2684 minus
1673 2641 1802 2684 facile
1833 2642 1934 2684 tota

392 2852 426 2895 ι)
451 2853 584 2884 Eodem
610 2854 802 2886 sententiae
828 2854 906 2886 loco
928 2859 962 2886 et
983 2854 1104 2886 eadem
1124 2855 1159 2886 vi
1181 2853 1381 2886 coniunctio
1403 2858 1437 2886 et
1457 2853 1584 2895 legitur
1605 2853 1690 2896 Agr.
1713 2860 1776 2893 14:
1797 2855 1932 2895 recepta

335 2910 464 2951 populi
482 2911 632 2942 Romani
649 2912 894 2943 consuetudine
914 2917 957 2944 ut
978 2912 1117 2943 haberet
1139 2912 1379 2943 instrumenta
1399 2910 1585 2943 servitutis
1599 2915 1632 2942 et
1645 2920 1746 2952 reges.
1760 2909 1807 2942 H.
1822 2909 1852 2952 I,
1865 2917 1930 2952 79:
1979 2914 2010 2942 ’,Ἰ

341 2966 562 3008 lapsantibus
586 2967 679 3010 equis
706 2973 738 3000 et
762 2969 1073 3010 cataphractarum
1093 2969 1256 3011 pondere.
1958 2958 1964 2961 γ
