2040 3412
901 863 1078 905 XVIII.

230 1023 302 1087 AID
334 1052 428 1086 SEX
459 1046 732 1087 ANNALIUM
766 1054 940 1088 LIBROS
973 1044 1314 1089 POSTERIORES
1346 1056 1742 1090 ANNOTATIONES

865 1135 1070 1167 VARIAE.

245 1285 306 1329 A.
340 1286 420 1337 XI,
461 1298 526 1330 10.
571 1287 723 1329 Morte
755 1288 984 1330 Vardanis
1013 1289 1186 1331 ¹turbae
1229 1289 1346 1332 inter
1380 1290 1570 1332 Parthos
1602 1292 1659 1333 de
1691 1304 1788 1332 suc-

183 1380 363 1410 cessore
395 1367 491 1410 eius
522 1373 652 1410 ortae
683 1374 808 1410 sunt:

247 1429 408 1502 „Multi
450 1449 509 1490 ad
554 1448 782 1491 Gotarzen
815 1449 1110 1500 inclinabant,
1145 1451 1331 1505 quidam
1363 1452 1422 1492 ad
1456 1451 1788 1501 Meherdatem,

184 1528 361 1585 prolem
404 1529 624 1580 Phraatis,
667 1529 847 1572 obsidio
890 1530 1023 1572 nobis
1057 1532 1228 1573 datum.
1263 1532 1382 1573 Dein
1415 1532 1668 1587 praevaluit
1701 1532 1790 1574 Go-

185 1614 354 1660 tarzes;
402 1610 668 1665 potitusque
709 1611 896 1665 regiam,
939 1625 1021 1667 per
1062 1612 1300 1653 saevitiam
1341 1626 1394 1654 ac
1437 1612 1592 1655 luxum
1635 1613 1791 1667 adegit

187 1689 379 1732 Parthos
425 1690 607 1732 mittere
655 1691 713 1732 ad
762 1691 1016 1746 principem
1061 1692 1324 1734 Romanum
1372 1693 1574 1735 occultas
1617 1707 1789 1748 preces,

35 1753 63 1774 ὰ
98 1792 117 1811 Δ.
185 1770 287 1825 quis
319 1771 522 1826 permitti
556 1771 875 1814 Meherdatem
909 1773 1106 1827 patrium
1139 1774 1197 1814 ad
1230 1773 1459 1827 fastigium
1493 1773 1730 1815 orabant.”

246 1851 298 1893 In
332 1865 445 1894 voce
479 1865 596 1906 quae
629 1857 698 1893 est
722 1852 933 1907 permitti
963 1853 1178 1907 equidem
1210 1852 1398 1903 haereo;
1434 1867 1539 1895 nam
1566 1853 1662 1895 sive
1689 1867 1790 1896 earn

178 1930 250 1973 ‘sic
292 1932 543 1986 accipimus
584 1937 635 1973 ut
678 1932 759 1973 sit:
794 1932 904 1987 ipsis
926 1933 1136 1988 permitti
1166 1933 1193 1974 i.
1221 1946 1259 1974 e.
1294 1933 1404 1983 dari,
1438 1934 1571 1984 tradi,
1604 1934 1700 1975 sive
1732 1935 1790 1975 de

187 2024 243 2053 eo
274 2011 448 2053 dictum
480 2011 786 2066 intelligimus,
822 2013 893 2053 cui
926 2012 1076 2067 aliqua
1110 2013 1182 2054 via
1215 2014 1278 2055 ire
1307 2014 1573 2055 conceditur
1599 2012 1789 2069 (διὶέναι),

186 2097 349 2134 neutra
374 2092 646 2146 significatio
675 2092 763 2134 huc
790 2093 998 2146 quadrat.
1028 2092 1149 2147 Quid
1177 2099 1329 2135 autem
1357 2093 1501 2135 obside
1524 2093 1676 2147 aliquo
1695 2094 1790 2135 fieri

186 2172 320 2214 amici
363 2172 458 2214 eius
501 2186 668 2227 cupere
711 2171 910 2214 debent?
945 2173 1125 2227 Nempe
1157 2174 1330 2215 remitti
1359 2187 1476 2215 eum.
1511 2174 1791 2216 Meherdatis

187 2266 298 2295 vero
330 2253 501 2294 amicos
533 2252 764 2307 postulare
797 2258 847 2294 ut
879 2253 944 2295 ad
962 2261 1205 2308 paternum
1228 2254 1477 2309 fastigium
1511 2254 1538 2295 i.
1558 2268 1596 2295 e.
1630 2255 1688 2297 ad
1717 2269 1790 2296 oc-

187 2334 448 2389 cupandum
471 2333 762 2375 'Parthorum
804 2332 967 2374 solium
1010 2333 1272 2375 remittatur
1314 2332 1388 2375 ille
1421 2347 1558 2388 quam
1591 2334 1790 2376 maxime

187 2419 545 2456 consentaneum
576 2417 659 2455 est.

247 2573 306 2616 A.
341 2574 422 2624 XI,
458 2586 526 2628 33.
570 2572 922 2628 Comprehensis
955 2573 1044 2614 iam
1078 2578 1123 2614 et
1156 2574 1201 2614 in
1234 2573 1414 2615 vincula
1447 2574 1664 2616 coniectis
1697 2575 1790 2630 ple-

186 2655 359 2709 risque,
408 2655 486 2708 qui
529 2653 682 2708 aliquo
725 2654 864 2694 modo
912 2653 1245 2706 „matrimonii”
1289 2652 1385 2695 Silii
1429 2654 1790 2709 Messalinaeque

186 2736 355 2777 conscii
388 2734 579 2784 fuerant,
612 2740 768 2776 tamen
801 2734 1006 2775 nondum
1039 2735 1084 2775 in
1116 2734 1219 2775 aula
1246 2734 1422 2776 Claudii
1450 2748 1633 2777 securae
1662 2743 1791 2778 erant

187 2821 378 2866 mentes,
421 2816 688 2870 praesertim
732 2815 838 2868 quia
879 2815 924 2855 in
969 2814 1099 2864 Geta,
1140 2815 1354 2868 praetorii
1388 2815 1633 2870 praefecto,
1666 2815 1788 2858 haud

186 2895 295 2937 satis
328 2896 540 2950 praesidii
574 2909 670 2936 esse
703 2894 972 2949 putabatur:

254 2976 403 3030 „Ergo
436 2976 672 3017 Narcissus
705 2974 972 3028 adsumptiS,
1005 2975 1169 3028 quibus
1196 2975 1318 3016 idem
1348 2980 1508 3026 metus,
1537 2989 1628 3017 non
1656 2976 1789 3017 aliam
