<?xml version="1.0" encoding="UTF-8"?>
<!DOCTYPE html PUBLIC "-//W3C//DTD XHTML 1.0 Transitional//EN"
    "http://www.w3.org/TR/xhtml1/DTD/xhtml1-transitional.dtd">
<html xmlns="http://www.w3.org/1999/xhtml" xml:lang="en" lang="en">
 <head>
  <title>
</title>
<meta http-equiv="Content-Type" content="text/html;charset=utf-8" />
  <meta name='ocr-system' content='tesseract 3.04.00' />
  <meta name='ocr-capabilities' content='ocr_page ocr_carea ocr_par ocr_line ocrx_word'/>
</head>
<body>
  <div class='ocr_page' id='page_1' title='image "analectatacitea00hartuoft_0205.png"; bbox 0 0 2040 3412; ppageno 0'>
   <div class='ocr_carea' id='block_1_1' title="bbox 897 281 976 325">
    <p class='ocr_par' dir='ltr' id='par_1_1' title="bbox 897 281 976 325">
     <span class='ocr_line' id='line_1_1' title="bbox 897 281 976 325; baseline 0 0"><span class='ocrx_word' id='word_1_1' title='bbox 897 281 976 325; x_wconf 91' lang='grc' dir='ltr'>Ῑ97</span> 
     </span>
    </p>
   </div>
   <div class='ocr_carea' id='block_1_2' title="bbox 127 388 1737 514">
    <p class='ocr_par' dir='ltr' id='par_1_2' title="bbox 127 388 1737 514">
     <span class='ocr_line' id='line_1_2' title="bbox 194 388 1733 446; baseline 0.002 -17"><span class='ocrx_word' id='word_1_2' title='bbox 194 388 332 430; x_wconf 88' lang='lat' dir='ltr'>Paulo</span> <span class='ocrx_word' id='word_1_3' title='bbox 365 393 468 443; x_wconf 88' lang='lat' dir='ltr'>post</span> <span class='ocrx_word' id='word_1_4' title='bbox 503 389 600 443; x_wconf 95' lang='lat' dir='ltr'>(III,</span> <span class='ocrx_word' id='word_1_5' title='bbox 638 390 676 444; x_wconf 90' lang='lat'>3)</span> <span class='ocrx_word' id='word_1_6' title='bbox 711 391 788 444; x_wconf 92' lang='lat' dir='ltr'>qui</span> <span class='ocrx_word' id='word_1_7' title='bbox 822 390 990 432; x_wconf 86' lang='lat' dir='ltr'>factum</span> <span class='ocrx_word' id='word_1_8' title='bbox 1023 392 1079 432; x_wconf 90' lang='lat' dir='ltr'>sit</span> <span class='ocrx_word' id='word_1_9' title='bbox 1114 398 1173 433; x_wconf 70' lang='lat' dir='ltr'>ut‘</span> <span class='ocrx_word' id='word_1_10' title='bbox 1197 393 1253 433; x_wconf 93' lang='lat' dir='ltr'>de</span> <span class='ocrx_word' id='word_1_11' title='bbox 1286 391 1499 446; x_wconf 84' lang='lat' dir='ltr'>singulari</span> <span class='ocrx_word' id='word_1_12' title='bbox 1534 391 1733 445; x_wconf 89' lang='lat' dir='ltr'>quodam</span> 
     </span>
     <span class='ocr_line' id='line_1_3' title="bbox 127 467 1737 514; baseline 0.002 -5"><span class='ocrx_word' id='word_1_13' title='bbox 127 468 190 510; x_wconf 92' lang='lat' dir='ltr'>ob</span> <span class='ocrx_word' id='word_1_14' title='bbox 223 474 418 510; x_wconf 86' lang='lat' dir='ltr'>mortem</span> <span class='ocrx_word' id='word_1_15' title='bbox 452 467 709 511; x_wconf 85' lang='lat' dir='ltr'>Germanici</span> <span class='ocrx_word' id='word_1_16' title='bbox 743 470 977 512; x_wconf 87' lang='lat' dir='ltr'>Antoniae</span> <span class='ocrx_word' id='word_1_17' title='bbox 1010 472 1165 513; x_wconf 91' lang='lat' dir='ltr'>matris</span> <span class='ocrx_word' id='word_1_18' title='bbox 1192 471 1315 514; x_wconf 86' lang='lat' dir='ltr'>luctu</span> <span class='ocrx_word' id='word_1_19' title='bbox 1345 472 1454 513; x_wconf 90' lang='lat' dir='ltr'>nihil</span> <span class='ocrx_word' id='word_1_20' title='bbox 1481 472 1737 513; x_wconf 87' lang='lat' dir='ltr'>traderetur</span> 
     </span>
    </p>
   </div>
   <div class='ocr_carea' id='block_1_3' title="bbox 124 549 1737 671">
    <p class='ocr_par' dir='ltr' id='par_1_3' title="bbox 124 549 1737 671">
     <span class='ocr_line' id='line_1_4' title="bbox 124 549 1737 607; baseline 0.002 -17"><span class='ocrx_word' id='word_1_21' title='bbox 124 549 184 591; x_wconf 91' lang='lat' dir='ltr'>ab</span> <span class='ocrx_word' id='word_1_22' title='bbox 216 549 478 590; x_wconf 88' lang='lat' dir='ltr'>auctoribus</span> <span class='ocrx_word' id='word_1_23' title='bbox 512 549 634 591; x_wconf 91' lang='lat' dir='ltr'>varie</span> <span class='ocrx_word' id='word_1_24' title='bbox 670 551 873 605; x_wconf 89' lang='lat' dir='ltr'>disputat</span> <span class='ocrx_word' id='word_1_25' title='bbox 908 551 1117 602; x_wconf 89' lang='lat' dir='ltr'>Tacitus;</span> <span class='ocrx_word' id='word_1_26' title='bbox 1152 558 1387 607; x_wconf 89' lang='lat' dir='ltr'>postremo</span> <span class='ocrx_word' id='word_1_27' title='bbox 1420 553 1536 594; x_wconf 90' lang='lat' dir='ltr'>hanc</span> <span class='ocrx_word' id='word_1_28' title='bbox 1565 552 1737 607; x_wconf 88' lang='lat' dir='ltr'><strong>profert</strong></span> 
     </span>
     <span class='ocr_line' id='line_1_5' title="bbox 124 629 459 671; baseline -0.003 0"><span class='ocrx_word' id='word_1_29' title='bbox 124 629 436 671; x_wconf 89' lang='lat' dir='ltr'>coniecturam</span> <span class='ocrx_word' id='word_1_30' title='bbox 451 646 459 670; x_wconf 91' lang='lat'><strong>:</strong></span> 
     </span>
    </p>
   </div>
   <div class='ocr_carea' id='block_1_4' title="bbox 128 690 1737 849">
    <p class='ocr_par' dir='ltr' id='par_1_4' title="bbox 128 690 1737 849">
     <span class='ocr_line' id='line_1_6' title="bbox 191 690 1737 768; baseline 0.004 -19"><span class='ocrx_word' id='word_1_31' title='bbox 191 708 414 763; x_wconf 80' lang='lat' dir='ltr'>„Facilius</span> <span class='ocrx_word' id='word_1_32' title='bbox 442 690 714 751; x_wconf 85' lang='lat' dir='ltr'>crediderim</span> <span class='ocrx_word' id='word_1_33' title='bbox 741 710 929 753; x_wconf 89' lang='lat' dir='ltr'>Tiberio</span> <span class='ocrx_word' id='word_1_34' title='bbox 956 717 1002 753; x_wconf 90' lang='lat' dir='ltr'>et</span> <span class='ocrx_word' id='word_1_35' title='bbox 1033 712 1270 766; x_wconf 85' lang='lat' dir='ltr'>Augustae</span> <span class='ocrx_word' id='word_1_36' title='bbox 1300 713 1564 763; x_wconf 88' lang='lat' dir='ltr'>cohibitam,</span> <span class='ocrx_word' id='word_1_37' title='bbox 1589 719 1637 754; x_wconf 91' lang='lat' dir='ltr'>ut</span> <span class='ocrx_word' id='word_1_38' title='bbox 1656 727 1737 768; x_wconf 92' lang='lat' dir='ltr'>par</span> 
     </span>
     <span class='ocr_line' id='line_1_7' title="bbox 128 791 1735 849; baseline 0.001 -16"><span class='ocrx_word' id='word_1_39' title='bbox 128 803 305 833; x_wconf 89' lang='lat' dir='ltr'>maeror</span> <span class='ocrx_word' id='word_1_40' title='bbox 347 796 394 832; x_wconf 90' lang='lat' dir='ltr'>et</span> <span class='ocrx_word' id='word_1_41' title='bbox 437 791 593 832; x_wconf 89' lang='lat' dir='ltr'>matris</span> <span class='ocrx_word' id='word_1_42' title='bbox 635 792 850 847; x_wconf 88' lang='lat' dir='ltr'>exemplo</span> <span class='ocrx_word' id='word_1_43' title='bbox 894 793 996 834; x_wconf 89' lang='lat' dir='ltr'>avia</span> <span class='ocrx_word' id='word_1_44' title='bbox 1039 807 1223 848; x_wconf 90' lang='lat' dir='ltr'>quoque</span> <span class='ocrx_word' id='word_1_45' title='bbox 1256 800 1302 835; x_wconf 89' lang='lat' dir='ltr'>et</span> <span class='ocrx_word' id='word_1_46' title='bbox 1335 800 1521 849; x_wconf 89' lang='lat' dir='ltr'>patruus</span> <span class='ocrx_word' id='word_1_47' title='bbox 1554 794 1735 836; x_wconf 87' lang='lat' dir='ltr'>attineri</span> 
     </span>
    </p>
   </div>
   <div class='ocr_carea' id='block_1_5' title="bbox 14 865 435 919">
    <p class='ocr_par' dir='ltr' id='par_1_5' title="bbox 14 865 435 919">
     <span class='ocr_line' id='line_1_8' title="bbox 14 865 435 919; baseline 0 -6"><span class='ocrx_word' id='word_1_48' title='bbox 14 865 22 895; x_wconf 48' lang='grc' dir='ltr'><strong>ἶ</strong></span> <span class='ocrx_word' id='word_1_49' title='bbox 63 916 64 919; x_wconf 50' lang='lat'>,</span> <span class='ocrx_word' id='word_1_50' title='bbox 129 870 435 914; x_wconf 86' lang='lat' dir='ltr'>viderentur”.</span> 
     </span>
    </p>
   </div>
   <div class='ocr_carea' id='block_1_6' title="bbox 126 951 1738 2618">
    <p class='ocr_par' dir='ltr' id='par_1_6' title="bbox 129 951 1736 1248">
     <span class='ocr_line' id='line_1_9' title="bbox 191 951 1735 1011; baseline 0.003 -18"><span class='ocrx_word' id='word_1_51' title='bbox 191 951 303 1007; x_wconf 84' lang='lat' dir='ltr'>Quis</span> <span class='ocrx_word' id='word_1_52' title='bbox 330 966 388 994; x_wconf 85' lang='lat' dir='ltr'>ex</span> <span class='ocrx_word' id='word_1_53' title='bbox 415 952 484 993; x_wconf 92' lang='lat' dir='ltr'>his</span> <span class='ocrx_word' id='word_1_54' title='bbox 512 966 603 994; x_wconf 93' lang='lat' dir='ltr'>non</span> <span class='ocrx_word' id='word_1_55' title='bbox 633 953 767 1008; x_wconf 92' lang='lat' dir='ltr'>plane</span> <span class='ocrx_word' id='word_1_56' title='bbox 795 954 1008 1009; x_wconf 89' lang='lat' dir='ltr'>intelligit</span> <span class='ocrx_word' id='word_1_57' title='bbox 1036 956 1270 998; x_wconf 83' lang='lat' dir='ltr'>Tiberium</span> <span class='ocrx_word' id='word_1_58' title='bbox 1289 969 1471 1011; x_wconf 93' lang='lat' dir='ltr'>quoque</span> <span class='ocrx_word' id='word_1_59' title='bbox 1491 962 1537 997; x_wconf 94' lang='lat' dir='ltr'>et</span> <span class='ocrx_word' id='word_1_60' title='bbox 1556 957 1735 997; x_wconf 89' lang='lat' dir='ltr'>Liviam</span> 
     </span>
     <span class='ocr_line' id='line_1_10' title="bbox 130 1031 1736 1092; baseline 0.003 -19"><span class='ocrx_word' id='word_1_61' title='bbox 130 1031 216 1074; x_wconf 89' lang='lat' dir='ltr'>illis</span> <span class='ocrx_word' id='word_1_62' title='bbox 241 1032 402 1091; x_wconf 81' lang='lat' dir='ltr'>diebus</span> <span class='ocrx_word' id='word_1_63' title='bbox 427 1033 551 1074; x_wconf 89' lang='lat' dir='ltr'>domi</span> <span class='ocrx_word' id='word_1_64' title='bbox 578 1034 825 1076; x_wconf 89' lang='lat' dir='ltr'>mansisse?</span> <span class='ocrx_word' id='word_1_65' title='bbox 860 1034 971 1089; x_wconf 78' lang='lat' dir='ltr'>Quis</span> <span class='ocrx_word' id='word_1_66' title='bbox 994 1037 1218 1091; x_wconf 71' lang='lat' dir='ltr'>se‘inepta</span> <span class='ocrx_word' id='word_1_67' title='bbox 1235 1037 1345 1078; x_wconf 92' lang='lat' dir='ltr'>illud</span> <span class='ocrx_word' id='word_1_68' title='bbox 1365 1037 1518 1078; x_wconf 93' lang='lat' dir='ltr'>doceri</span> <span class='ocrx_word' id='word_1_69' title='bbox 1537 1038 1736 1092; x_wconf 90' lang='lat' dir='ltr'>patiatur</span> 
     </span>
     <span class='ocr_line' id='line_1_11' title="bbox 129 1113 1735 1171; baseline 0.003 -17"><span class='ocrx_word' id='word_1_70' title='bbox 129 1113 528 1155; x_wconf 87' lang='lat' dir='ltr'>annotatiuncula:</span> <span class='ocrx_word' id='word_1_71' title='bbox 553 1115 631 1168; x_wconf 78' lang='lat' dir='ltr'>qui</span> <span class='ocrx_word' id='word_1_72' title='bbox 645 1115 771 1157; x_wconf 86' lang='lat' dir='ltr'>domo</span> <span class='ocrx_word' id='word_1_73' title='bbox 789 1130 871 1158; x_wconf 85' lang='lat' dir='ltr'>non</span> <span class='ocrx_word' id='word_1_74' title='bbox 889 1117 1159 1166; x_wconf 75' lang='lat' dir='ltr'>excedebant,</span> <span class='ocrx_word' id='word_1_75' title='bbox 1180 1131 1296 1171; x_wconf 92' lang='lat' dir='ltr'>quae</span> <span class='ocrx_word' id='word_1_76' title='bbox 1315 1131 1434 1159; x_wconf 92' lang='lat' dir='ltr'>nunc</span> <span class='ocrx_word' id='word_1_77' title='bbox 1454 1118 1571 1159; x_wconf 89' lang='lat' dir='ltr'>inter</span> <span class='ocrx_word' id='word_1_78' title='bbox 1589 1118 1735 1159; x_wconf 88' lang='lat' dir='ltr'>Taciti</span> 
     </span>
     <span class='ocr_line' id='line_1_12' title="bbox 129 1193 492 1248; baseline 0 -13"><span class='ocrx_word' id='word_1_79' title='bbox 129 1193 270 1236; x_wconf 90' lang='lat' dir='ltr'>verba</span> <span class='ocrx_word' id='word_1_80' title='bbox 301 1193 492 1248; x_wconf 89' lang='lat' dir='ltr'>legitur?</span> 
     </span>
    </p>

    <p class='ocr_par' dir='ltr' id='par_1_7' title="bbox 126 1273 1736 1477">
     <span class='ocr_line' id='line_1_13' title="bbox 186 1273 1735 1331; baseline 0.003 -16"><span class='ocrx_word' id='word_1_81' title='bbox 186 1273 245 1315; x_wconf 93' lang='lat' dir='ltr'>A.</span> <span class='ocrx_word' id='word_1_82' title='bbox 275 1274 357 1324; x_wconf 86' lang='lat' dir='ltr'>IV,</span> <span class='ocrx_word' id='word_1_83' title='bbox 386 1286 459 1329; x_wconf 90' lang='lat'>49.</span> <span class='ocrx_word' id='word_1_84' title='bbox 489 1273 683 1317; x_wconf 86' lang='lat' dir='ltr'>Sabinus</span> <span class='ocrx_word' id='word_1_85' title='bbox 711 1275 967 1317; x_wconf 90' lang='lat' dir='ltr'>Thraecum</span> <span class='ocrx_word' id='word_1_86' title='bbox 998 1276 1233 1318; x_wconf 86' lang='lat' dir='ltr'>castellum</span> <span class='ocrx_word' id='word_1_87' title='bbox 1262 1278 1495 1331; x_wconf 89' lang='lat' dir='ltr'>quoddam</span> <span class='ocrx_word' id='word_1_88' title='bbox 1525 1278 1582 1319; x_wconf 89' lang='lat' dir='ltr'>ab</span> <span class='ocrx_word' id='word_1_89' title='bbox 1612 1279 1735 1319; x_wconf 91' lang='lat' dir='ltr'>omni</span> 
     </span>
     <span class='ocr_line' id='line_1_14' title="bbox 126 1354 1736 1412; baseline 0.003 -17"><span class='ocrx_word' id='word_1_90' title='bbox 126 1359 257 1410; x_wconf 89' lang='lat' dir='ltr'>parte</span> <span class='ocrx_word' id='word_1_91' title='bbox 301 1354 523 1396; x_wconf 92' lang='lat' dir='ltr'>inclusum</span> <span class='ocrx_word' id='word_1_92' title='bbox 566 1361 708 1405; x_wconf 91' lang='lat' dir='ltr'>tenet,</span> <span class='ocrx_word' id='word_1_93' title='bbox 752 1356 816 1397; x_wconf 91' lang='lat' dir='ltr'>ita</span> <span class='ocrx_word' id='word_1_94' title='bbox 858 1362 907 1398; x_wconf 91' lang='lat' dir='ltr'>ut</span> <span class='ocrx_word' id='word_1_95' title='bbox 950 1358 1074 1398; x_wconf 92' lang='lat' dir='ltr'>omni</span> <span class='ocrx_word' id='word_1_96' title='bbox 1119 1357 1341 1399; x_wconf 89' lang='lat' dir='ltr'>malorum</span> <span class='ocrx_word' id='word_1_97' title='bbox 1385 1372 1551 1412; x_wconf 87' lang='lat' dir='ltr'>genere</span> <span class='ocrx_word' id='word_1_98' title='bbox 1586 1359 1736 1400; x_wconf 90' lang='lat' dir='ltr'>miseri</span> 
     </span>
     <span class='ocr_line' id='line_1_15' title="bbox 126 1434 612 1477; baseline 0 -1"><span class='ocrx_word' id='word_1_99' title='bbox 126 1434 334 1476; x_wconf 90' lang='lat' dir='ltr'>homines</span> <span class='ocrx_word' id='word_1_100' title='bbox 366 1440 612 1477; x_wconf 85' lang='lat' dir='ltr'>vexentur:</span> 
     </span>
    </p>

    <p class='ocr_par' dir='ltr' id='par_1_8' title="bbox 128 1516 1737 1894">
     <span class='ocr_line' id='line_1_16' title="bbox 192 1516 1737 1573; baseline 0.003 -16"><span class='ocrx_word' id='word_1_101' title='bbox 192 1516 296 1569; x_wconf 86' lang='lat' dir='ltr'>„sed</span> <span class='ocrx_word' id='word_1_102' title='bbox 326 1516 437 1557; x_wconf 90' lang='lat' dir='ltr'>nihil</span> <span class='ocrx_word' id='word_1_103' title='bbox 464 1530 610 1570; x_wconf 94' lang='lat' dir='ltr'>aeque</span> <span class='ocrx_word' id='word_1_104' title='bbox 638 1530 775 1571; x_wconf 91' lang='lat' dir='ltr'>quam</span> <span class='ocrx_word' id='word_1_105' title='bbox 802 1517 899 1558; x_wconf 89' lang='lat' dir='ltr'>sitis</span> <span class='ocrx_word' id='word_1_106' title='bbox 927 1518 1162 1572; x_wconf 87' lang='lat' dir='ltr'>fatigabat,</span> <span class='ocrx_word' id='word_1_107' title='bbox 1193 1532 1295 1560; x_wconf 92' lang='lat' dir='ltr'>cum</span> <span class='ocrx_word' id='word_1_108' title='bbox 1314 1519 1473 1573; x_wconf 89' lang='lat' dir='ltr'>ingens</span> <span class='ocrx_word' id='word_1_109' title='bbox 1491 1519 1737 1561; x_wconf 89' lang='lat' dir='ltr'>multitudo</span> 
     </span>
     <span class='ocr_line' id='line_1_17' title="bbox 129 1596 1736 1658; baseline 0.002 -20"><span class='ocrx_word' id='word_1_110' title='bbox 129 1596 416 1646; x_wconf 88' lang='lat' dir='ltr'>bellatorum,</span> <span class='ocrx_word' id='word_1_111' title='bbox 450 1596 702 1638; x_wconf 92' lang='lat' dir='ltr'>imbellium</span> <span class='ocrx_word' id='word_1_112' title='bbox 735 1611 825 1639; x_wconf 92' lang='lat' dir='ltr'>uno</span> <span class='ocrx_word' id='word_1_113' title='bbox 857 1598 1032 1658; x_wconf 90' lang='lat' dir='ltr'>reliquo</span> <span class='ocrx_word' id='word_1_114' title='bbox 1066 1598 1192 1640; x_wconf 87' lang='lat' dir='ltr'>fonte</span> <span class='ocrx_word' id='word_1_115' title='bbox 1226 1604 1483 1649; x_wconf 88' lang='lat' dir='ltr'>uterentur;</span> <span class='ocrx_word' id='word_1_116' title='bbox 1512 1600 1736 1654; x_wconf 91' lang='lat' dir='ltr'>simulque</span> 
     </span>
     <span class='ocr_line' id='line_1_18' title="bbox 129 1678 1737 1734; baseline 0.001 -15"><span class='ocrx_word' id='word_1_117' title='bbox 129 1683 348 1727; x_wconf 88' lang='lat' dir='ltr'>armenta,</span> <span class='ocrx_word' id='word_1_118' title='bbox 379 1683 427 1719; x_wconf 92' lang='lat' dir='ltr'>ut</span> <span class='ocrx_word' id='word_1_119' title='bbox 455 1691 552 1719; x_wconf 91' lang='lat' dir='ltr'>mos</span> <span class='ocrx_word' id='word_1_120' title='bbox 581 1678 798 1728; x_wconf 88' lang='lat' dir='ltr'>barbaris,</span> <span class='ocrx_word' id='word_1_121' title='bbox 827 1679 955 1720; x_wconf 86' lang='lat' dir='ltr'>iuxta</span> <span class='ocrx_word' id='word_1_122' title='bbox 984 1678 1147 1728; x_wconf 88' lang='lat' dir='ltr'>clausa,</span> <span class='ocrx_word' id='word_1_123' title='bbox 1189 1685 1391 1733; x_wconf 89' lang='lat' dir='ltr'>egestate</span> <span class='ocrx_word' id='word_1_124' title='bbox 1411 1679 1565 1734; x_wconf 89' lang='lat' dir='ltr'>pabuli</span> <span class='ocrx_word' id='word_1_125' title='bbox 1584 1680 1737 1721; x_wconf 83' lang='lat' dir='ltr'>exani-</span> 
     </span>
     <span class='ocr_line' id='line_1_19' title="bbox 129 1758 1737 1813; baseline 0.001 -14"><span class='ocrx_word' id='word_1_126' title='bbox 129 1758 265 1809; x_wconf 81' lang='lat' dir='ltr'>mari3</span> <span class='ocrx_word' id='word_1_127' title='bbox 309 1758 518 1800; x_wconf 87' lang='lat' dir='ltr'>adiacere</span> <span class='ocrx_word' id='word_1_128' title='bbox 562 1772 753 1812; x_wconf 89' lang='lat' dir='ltr'>corpora</span> <span class='ocrx_word' id='word_1_129' title='bbox 797 1759 1048 1808; x_wconf 90' lang='lat' dir='ltr'>hominum,</span> <span class='ocrx_word' id='word_1_130' title='bbox 1092 1772 1207 1812; x_wconf 91' lang='lat' dir='ltr'>quos</span> <span class='ocrx_word' id='word_1_131' title='bbox 1251 1759 1450 1809; x_wconf 89' lang='lat' dir='ltr'>vulnera,</span> <span class='ocrx_word' id='word_1_132' title='bbox 1494 1774 1608 1813; x_wconf 91' lang='lat' dir='ltr'>quos</span> <span class='ocrx_word' id='word_1_133' title='bbox 1641 1760 1737 1801; x_wconf 90' lang='lat' dir='ltr'>sitis</span> 
     </span>
     <span class='ocr_line' id='line_1_20' title="bbox 128 1838 1411 1894; baseline 0 -14"><span class='ocrx_word' id='word_1_134' title='bbox 128 1844 407 1893; x_wconf 81' lang='lat' dir='ltr'>peremerat3</span> <span class='ocrx_word' id='word_1_135' title='bbox 444 1838 584 1894; x_wconf 93' lang='lat' dir='ltr'>pollui</span> <span class='ocrx_word' id='word_1_136' title='bbox 618 1845 784 1880; x_wconf 88' lang='lat' dir='ltr'>cuncta</span> <span class='ocrx_word' id='word_1_137' title='bbox 816 1840 940 1881; x_wconf 88' lang='lat' dir='ltr'>sanie</span> <span class='ocrx_word' id='word_1_138' title='bbox 975 1840 1117 1881; x_wconf 92' lang='lat' dir='ltr'>odore</span> <span class='ocrx_word' id='word_1_139' title='bbox 1151 1839 1411 1881; x_wconf 89' lang='lat' dir='ltr'>contactu.”</span> 
     </span>
    </p>

    <p class='ocr_par' dir='ltr' id='par_1_9' title="bbox 128 1918 1738 2364">
     <span class='ocr_line' id='line_1_21' title="bbox 189 1918 1738 1974; baseline 0.002 -15"><span class='ocrx_word' id='word_1_140' title='bbox 189 1918 295 1960; x_wconf 90' lang='lat' dir='ltr'>Non</span> <span class='ocrx_word' id='word_1_141' title='bbox 328 1918 490 1960; x_wconf 92' lang='lat' dir='ltr'>dubito</span> <span class='ocrx_word' id='word_1_142' title='bbox 524 1920 631 1973; x_wconf 92' lang='lat' dir='ltr'>quin</span> <span class='ocrx_word' id='word_1_143' title='bbox 666 1933 822 1960; x_wconf 87' lang='lat' dir='ltr'>verum</span> <span class='ocrx_word' id='word_1_144' title='bbox 856 1920 1022 1961; x_wconf 91' lang='lat' dir='ltr'>viderit</span> <span class='ocrx_word' id='word_1_145' title='bbox 1053 1920 1269 1969; x_wconf 83' lang='lat' dir='ltr'>Ritterus‚</span> <span class='ocrx_word' id='word_1_146' title='bbox 1299 1921 1375 1974; x_wconf 90' lang='lat' dir='ltr'>qui</span> <span class='ocrx_word' id='word_1_147' title='bbox 1404 1920 1543 1962; x_wconf 90' lang='lat' dir='ltr'>verba</span> <span class='ocrx_word' id='word_1_148' title='bbox 1570 1929 1620 1962; x_wconf 85' lang='lat' dir='ltr'>ut</span> <span class='ocrx_word' id='word_1_149' title='bbox 1646 1935 1738 1963; x_wconf 84' lang='lat' dir='ltr'>mos</span> 
     </span>
     <span class='ocr_line' id='line_1_22' title="bbox 128 1998 1735 2054; baseline 0.001 -14"><span class='ocrx_word' id='word_1_150' title='bbox 128 1998 340 2040; x_wconf 83' lang='lat' dir='ltr'>barbaris</span> <span class='ocrx_word' id='word_1_151' title='bbox 371 1999 658 2054; x_wconf 87' lang='lat' dir='ltr'>proscripsit:</span> <span class='ocrx_word' id='word_1_152' title='bbox 694 2013 875 2054; x_wconf 90' lang='lat' dir='ltr'>prorsus</span> <span class='ocrx_word' id='word_1_153' title='bbox 908 2000 1055 2041; x_wconf 87' lang='lat' dir='ltr'>aliena</span> <span class='ocrx_word' id='word_1_154' title='bbox 1087 2000 1192 2041; x_wconf 90' lang='lat' dir='ltr'>hinc</span> <span class='ocrx_word' id='word_1_155' title='bbox 1226 2001 1312 2041; x_wconf 90' lang='lat' dir='ltr'>ista</span> <span class='ocrx_word' id='word_1_156' title='bbox 1343 2007 1461 2050; x_wconf 90' lang='lat' dir='ltr'>sunt,</span> <span class='ocrx_word' id='word_1_157' title='bbox 1496 2015 1586 2042; x_wconf 90' lang='lat' dir='ltr'>non</span> <span class='ocrx_word' id='word_1_158' title='bbox 1614 2001 1735 2042; x_wconf 91' lang='lat' dir='ltr'>enim</span> 
     </span>
     <span class='ocr_line' id='line_1_23' title="bbox 130 2080 1736 2135; baseline 0 -13"><span class='ocrx_word' id='word_1_159' title='bbox 130 2081 426 2122; x_wconf 89' lang='lat' dir='ltr'>barbarorum</span> <span class='ocrx_word' id='word_1_160' title='bbox 458 2094 607 2122; x_wconf 91' lang='lat' dir='ltr'>mores</span> <span class='ocrx_word' id='word_1_161' title='bbox 640 2080 711 2121; x_wconf 90' lang='lat' dir='ltr'>hic</span> <span class='ocrx_word' id='word_1_162' title='bbox 741 2081 1071 2130; x_wconf 87' lang='lat' dir='ltr'>describuntur,</span> <span class='ocrx_word' id='word_1_163' title='bbox 1101 2082 1180 2122; x_wconf 91' lang='lat' dir='ltr'>sed</span> <span class='ocrx_word' id='word_1_164' title='bbox 1211 2081 1320 2135; x_wconf 90' lang='lat' dir='ltr'>quid</span> <span class='ocrx_word' id='word_1_165' title='bbox 1347 2089 1460 2131; x_wconf 85' lang='lat' dir='ltr'>tunc,</span> <span class='ocrx_word' id='word_1_166' title='bbox 1489 2082 1546 2122; x_wconf 88' lang='lat' dir='ltr'>ad</span> <span class='ocrx_word' id='word_1_167' title='bbox 1576 2082 1736 2123; x_wconf 90' lang='lat' dir='ltr'>incitas</span> 
     </span>
     <span class='ocr_line' id='line_1_24' title="bbox 129 2161 1735 2211; baseline -0.001 -8"><span class='ocrx_word' id='word_1_168' title='bbox 129 2162 314 2211; x_wconf 88' lang='lat' dir='ltr'>redacti,</span> <span class='ocrx_word' id='word_1_169' title='bbox 349 2161 538 2203; x_wconf 90' lang='lat' dir='ltr'>fecerint</span> <span class='ocrx_word' id='word_1_170' title='bbox 570 2175 673 2202; x_wconf 91' lang='lat' dir='ltr'>cum</span> <span class='ocrx_word' id='word_1_171' title='bbox 705 2175 883 2202; x_wconf 89' lang='lat' dir='ltr'>summo</span> <span class='ocrx_word' id='word_1_172' title='bbox 917 2175 998 2202; x_wconf 87' lang='lat' dir='ltr'>suo</span> <span class='ocrx_word' id='word_1_173' title='bbox 1027 2161 1335 2211; x_wconf 91' lang='lat' dir='ltr'>incommodo,</span> <span class='ocrx_word' id='word_1_174' title='bbox 1365 2167 1583 2203; x_wconf 86' lang='lat' dir='ltr'>narratur.</span> <span class='ocrx_word' id='word_1_175' title='bbox 1619 2161 1735 2203; x_wconf 90' lang='lat' dir='ltr'>Con-</span> 
     </span>
     <span class='ocr_line' id='line_1_25' title="bbox 130 2241 1737 2296; baseline -0.001 -12"><span class='ocrx_word' id='word_1_176' title='bbox 130 2242 297 2284; x_wconf 86' lang='lat' dir='ltr'>feratur</span> <span class='ocrx_word' id='word_1_177' title='bbox 329 2247 574 2296; x_wconf 87' lang='lat' dir='ltr'>cognatum</span> <span class='ocrx_word' id='word_1_178' title='bbox 609 2241 837 2282; x_wconf 91' lang='lat' dir='ltr'>emblema</span> <span class='ocrx_word' id='word_1_179' title='bbox 870 2249 919 2283; x_wconf 84' lang='lat' dir='ltr'>ut</span> <span class='ocrx_word' id='word_1_180' title='bbox 949 2256 1042 2283; x_wconf 86' lang='lat' dir='ltr'>mos</span> <span class='ocrx_word' id='word_1_181' title='bbox 1073 2242 1268 2283; x_wconf 78' lang='lat' dir='ltr'>oraculis</span> <span class='ocrx_word' id='word_1_182' title='bbox 1297 2242 1419 2295; x_wconf 93' lang='lat' dir='ltr'>quod</span> <span class='ocrx_word' id='word_1_183' title='bbox 1449 2256 1472 2283; x_wconf 96' lang='lat' dir='ltr'>e</span> <span class='ocrx_word' id='word_1_184' title='bbox 1500 2242 1650 2296; x_wconf 89' lang='lat' dir='ltr'>capite</span> <span class='ocrx_word' id='word_1_185' title='bbox 1682 2251 1737 2295; x_wconf 86' lang='lat'>54</span> 
     </span>
     <span class='ocr_line' id='line_1_26' title="bbox 130 2322 608 2364; baseline -0.002 0"><span class='ocrx_word' id='word_1_186' title='bbox 130 2322 232 2364; x_wconf 91' lang='lat' dir='ltr'>libri</span> <span class='ocrx_word' id='word_1_187' title='bbox 265 2323 308 2364; x_wconf 95' lang='lat' dir='ltr'>II</span> <span class='ocrx_word' id='word_1_188' title='bbox 344 2323 608 2364; x_wconf 86' lang='lat' dir='ltr'>exemimus.</span> 
     </span>
    </p>

    <p class='ocr_par' dir='ltr' id='par_1_10' title="bbox 190 2402 1733 2457">
     <span class='ocr_line' id='line_1_27' title="bbox 190 2402 1733 2457; baseline 0 -13"><span class='ocrx_word' id='word_1_189' title='bbox 190 2403 249 2444; x_wconf 91' lang='lat' dir='ltr'>A.</span> <span class='ocrx_word' id='word_1_190' title='bbox 283 2403 340 2452; x_wconf 92' lang='lat' dir='ltr'>V,</span> <span class='ocrx_word' id='word_1_191' title='bbox 382 2414 446 2445; x_wconf 90' lang='lat'>10.</span> <span class='ocrx_word' id='word_1_192' title='bbox 481 2402 666 2444; x_wconf 90' lang='lat' dir='ltr'>Falsum</span> <span class='ocrx_word' id='word_1_193' title='bbox 701 2403 899 2444; x_wconf 91' lang='lat' dir='ltr'>Drusum</span> <span class='ocrx_word' id='word_1_194' title='bbox 935 2416 1212 2457; x_wconf 89' lang='lat' dir='ltr'>persequens</span> <span class='ocrx_word' id='word_1_195' title='bbox 1246 2403 1486 2457; x_wconf 87' lang='lat' dir='ltr'>Poppaeus</span> <span class='ocrx_word' id='word_1_196' title='bbox 1515 2402 1733 2445; x_wconf 85' lang='lat' dir='ltr'>Sabinus:</span> 
     </span>
    </p>

    <p class='ocr_par' dir='ltr' id='par_1_11' title="bbox 131 2483 1735 2618">
     <span class='ocr_line' id='line_1_28' title="bbox 196 2483 1735 2537; baseline 0 -13"><span class='ocrx_word' id='word_1_197' title='bbox 196 2483 510 2537; x_wconf 86' lang='lat' dir='ltr'>„Toronaeum</span> <span class='ocrx_word' id='word_1_198' title='bbox 569 2483 967 2537; x_wconf 90' lang='lat' dir='ltr'>Thermaeumque</span> <span class='ocrx_word' id='word_1_199' title='bbox 1025 2484 1172 2524; x_wconf 91' lang='lat' dir='ltr'>sinum</span> <span class='ocrx_word' id='word_1_200' title='bbox 1226 2483 1576 2537; x_wconf 87' lang='lat' dir='ltr'>praefestinans,</span> <span class='ocrx_word' id='word_1_201' title='bbox 1627 2497 1735 2525; x_wconf 84' lang='lat' dir='ltr'>mox</span> 
     </span>
     <span class='ocr_line' id='line_1_29' title="bbox 131 2563 1735 2618; baseline 0.001 -13"><span class='ocrx_word' id='word_1_202' title='bbox 131 2564 369 2606; x_wconf 90' lang='lat' dir='ltr'>Euboeam</span> <span class='ocrx_word' id='word_1_203' title='bbox 412 2570 457 2605; x_wconf 90' lang='lat' dir='ltr'>et</span> <span class='ocrx_word' id='word_1_204' title='bbox 502 2564 722 2613; x_wconf 89' lang='lat' dir='ltr'>Piraeum,</span> <span class='ocrx_word' id='word_1_205' title='bbox 767 2564 871 2605; x_wconf 92' lang='lat' dir='ltr'>dein</span> <span class='ocrx_word' id='word_1_206' title='bbox 917 2563 1233 2605; x_wconf 90' lang='lat' dir='ltr'>Corinthiense</span> <span class='ocrx_word' id='word_1_207' title='bbox 1275 2563 1380 2604; x_wconf 90' lang='lat' dir='ltr'>litus</span> <span class='ocrx_word' id='word_1_208' title='bbox 1413 2565 1735 2618; x_wconf 90' lang='lat' dir='ltr'>angustiasque</span> 
     </span>
    </p>
   </div>
   <div class='ocr_carea' id='block_1_7' title="bbox 56 2644 524 2707">
    <p class='ocr_par' dir='ltr' id='par_1_12' title="bbox 56 2644 524 2707">
     <span class='ocr_line' id='line_1_30' title="bbox 56 2644 524 2707; baseline 0 -21"><span class='ocrx_word' id='word_1_209' title='bbox 56 2699 65 2707; x_wconf 36' lang='lat'>⁸</span> <span class='ocrx_word' id='word_1_210' title='bbox 131 2645 290 2686; x_wconf 88' lang='lat' dir='ltr'>Isthmi</span> <span class='ocrx_word' id='word_1_211' title='bbox 325 2644 524 2686; x_wconf 88' lang='lat' dir='ltr'>evadit.&#39;’</span> 
     </span>
    </p>
   </div>
   <div class='ocr_carea' id='block_1_8' title="bbox 0 0 39 3412">
    <p class='ocr_par' dir='ltr' id='par_1_13' title="bbox 0 0 39 3412">
     <span class='ocr_line' id='line_1_31' title="bbox 0 0 39 3412; baseline 0 0"><span class='ocrx_word' id='word_1_212' title='bbox 0 0 39 3412; x_wconf 95' lang='lat' dir='ltr'> </span> 
     </span>
    </p>
   </div>
   <div class='ocr_carea' id='block_1_9' title="bbox 129 2723 1736 3022">
    <p class='ocr_par' dir='ltr' id='par_1_14' title="bbox 129 2723 1736 3022">
     <span class='ocr_line' id='line_1_32' title="bbox 190 2723 1734 2779; baseline -0.001 -13"><span class='ocrx_word' id='word_1_213' title='bbox 190 2725 476 2775; x_wconf 92' lang='lat' dir='ltr'>Eundemne,</span> <span class='ocrx_word' id='word_1_214' title='bbox 510 2726 585 2779; x_wconf 91' lang='lat' dir='ltr'>qui</span> <span class='ocrx_word' id='word_1_215' title='bbox 620 2725 683 2765; x_wconf 92' lang='lat' dir='ltr'>sic</span> <span class='ocrx_word' id='word_1_216' title='bbox 717 2725 812 2765; x_wconf 90' lang='lat' dir='ltr'>sine</span> <span class='ocrx_word' id='word_1_217' title='bbox 847 2723 937 2764; x_wconf 93' lang='lat' dir='ltr'>ullo</span> <span class='ocrx_word' id='word_1_218' title='bbox 966 2724 1052 2764; x_wconf 93' lang='lat' dir='ltr'>loci</span> <span class='ocrx_word' id='word_1_219' title='bbox 1083 2724 1251 2766; x_wconf 91' lang='lat' dir='ltr'>indicio</span> <span class='ocrx_word' id='word_1_220' title='bbox 1269 2724 1574 2765; x_wconf 88' lang='lat' dir='ltr'>Thermaeum</span> <span class='ocrx_word' id='word_1_221' title='bbox 1592 2725 1734 2765; x_wconf 91' lang='lat' dir='ltr'>Toro-</span> 
     </span>
     <span class='ocr_line' id='line_1_33' title="bbox 129 2804 1733 2859; baseline 0.001 -13"><span class='ocrx_word' id='word_1_222' title='bbox 129 2819 383 2859; x_wconf 88' lang='lat' dir='ltr'>naeumque</span> <span class='ocrx_word' id='word_1_223' title='bbox 416 2806 578 2855; x_wconf 90' lang='lat' dir='ltr'>sinum,</span> <span class='ocrx_word' id='word_1_224' title='bbox 614 2806 690 2858; x_wconf 92' lang='lat' dir='ltr'>qui</span> <span class='ocrx_word' id='word_1_225' title='bbox 723 2810 878 2845; x_wconf 87' lang='lat' dir='ltr'>tamen</span> <span class='ocrx_word' id='word_1_226' title='bbox 913 2804 1101 2846; x_wconf 86' lang='lat' dir='ltr'>fortasse</span> <span class='ocrx_word' id='word_1_227' title='bbox 1129 2805 1378 2859; x_wconf 87' lang='lat' dir='ltr'>legentium</span> <span class='ocrx_word' id='word_1_228' title='bbox 1409 2805 1544 2859; x_wconf 87' lang='lat' dir='ltr'>vulgo</span> <span class='ocrx_word' id='word_1_229' title='bbox 1574 2819 1733 2859; x_wconf 91' lang='lat' dir='ltr'>parum</span> 
     </span>
     <span class='ocr_line' id='line_1_34' title="bbox 131 2885 1736 2940; baseline 0.001 -13"><span class='ocrx_word' id='word_1_230' title='bbox 131 2886 226 2927; x_wconf 90' lang='lat' dir='ltr'>noti</span> <span class='ocrx_word' id='word_1_231' title='bbox 270 2899 366 2927; x_wconf 89' lang='lat' dir='ltr'>esse</span> <span class='ocrx_word' id='word_1_232' title='bbox 409 2891 669 2940; x_wconf 89' lang='lat' dir='ltr'>potuerunt,</span> <span class='ocrx_word' id='word_1_233' title='bbox 713 2885 959 2939; x_wconf 88' lang='lat' dir='ltr'>reliquerit,</span> <span class='ocrx_word' id='word_1_234' title='bbox 1003 2886 1061 2926; x_wconf 89' lang='lat' dir='ltr'>ad</span> <span class='ocrx_word' id='word_1_235' title='bbox 1106 2886 1327 2927; x_wconf 82' lang='lat' dir='ltr'>Euboeam</span> <span class='ocrx_word' id='word_1_236' title='bbox 1366 2885 1566 2940; x_wconf 87' lang='lat' dir='ltr'>„Aegaei</span> <span class='ocrx_word' id='word_1_237' title='bbox 1601 2888 1736 2928; x_wconf 90' lang='lat' dir='ltr'>maris</span> 
     </span>
     <span class='ocr_line' id='line_1_35' title="bbox 131 2965 1735 3022; baseline 0.001 -15"><span class='ocrx_word' id='word_1_238' title='bbox 131 2965 367 3015; x_wconf 80' lang='lat' dir='ltr'>insulam’-’‚</span> <span class='ocrx_word' id='word_1_239' title='bbox 411 2967 468 3007; x_wconf 92' lang='lat' dir='ltr'>ad</span> <span class='ocrx_word' id='word_1_240' title='bbox 503 2966 719 3007; x_wconf 62' lang='lat' dir='ltr'><em>Piraeum</em></span> <span class='ocrx_word' id='word_1_241' title='bbox 759 2965 969 3018; x_wconf 86' lang='lat' dir='ltr'>„Atticae</span> <span class='ocrx_word' id='word_1_242' title='bbox 1003 2966 1138 3007; x_wconf 87' lang='lat' dir='ltr'>orae”</span> <span class='ocrx_word' id='word_1_243' title='bbox 1172 2967 1461 3021; x_wconf 88' lang='lat' dir='ltr'>adscripsisse</span> <span class='ocrx_word' id='word_1_244' title='bbox 1495 2967 1735 3022; x_wconf 86' lang='lat' dir='ltr'>putemus?</span> 
     </span>
    </p>
   </div>
  </div>
 </body>
</html>
