2040 3412
1088 277 1137 318 18

249 374 276 444 ,6
311 397 546 440 Claudium
575 397 632 451 de
661 410 785 438 more
812 397 981 438 ebrium
989 399 1171 451 factum
1188 410 1288 438 esse.
1307 395 1526 450 Alioquin
1547 395 1920 439 exclamassent:v

311 491 408 530 „en‚
441 477 550 530 quid
582 475 844 530 imperatori
876 477 1028 517 evenit
1043 474 1084 516 ?”
1119 475 1376 529 Agrippina
1409 480 1561 516 autem
1594 466 1907 530 ministerque.
1947 461 1986 537 ξι

307 570 410 597 cum
438 556 500 597 nil
527 555 617 597 tale
645 555 887 597 exclamari
916 556 1137 604 audirent,
1167 555 1329 596 frustra
1356 555 1490 596 fuisse
1517 554 1754 596 consilium
1775 568 1907 599 suum

308 636 544 690 putabant,
571 649 674 677 cum
701 636 966 690 praesertim
993 635 1156 677 eodem
1183 640 1389 689 tempore
1418 634 1607 676 Claudio
1624 634 1773 677 soluta
1787 630 1908 677 esset

305 715 445 765 alvus,
475 715 538 756 ita
566 721 614 756 ut
641 716 889 757 admodum
916 721 1034 756 esset
1061 714 1301 756 verisimile
1329 728 1506 756 veneno
1528 728 1631 756 eum
1648 715 1906 762 liberatum,
1957 715 1990 778 ’.Ῐῇ

306 795 435 835 Tunc
469 795 526 836 ad
560 795 768 849 rapidum
802 795 1069 848 confugiunt
1102 808 1346 835 venenum.
1979 785 1986 788 ⁶

368 875 618 916 Videamus
647 889 765 916 nunc
794 889 910 929 quae
939 876 995 916 de
1024 888 1201 930 veneno
1229 879 1466 915 narrentur
1493 874 1617 928 quod
1644 874 1909 930 Britannico

310 955 467 995 datum
500 955 556 995 sit
588 954 642 1024 p.
677 954 806 996 XIII.
839 968 877 995 c.
918 964 992 1007 15:
1958 940 1985 1022 ¹J

369 1034 491 1074 Nero
529 1033 638 1075 lenti
671 1033 851 1075 sceleris
884 1034 1125 1088 impatiens
1159 1033 1354 1074 minitari
1387 1033 1584 1083 tribuno,
1619 1033 1774 1075 iubere
1806 1046 1913 1088 sup·

311 1113 494 1168 plicium
523 1114 766 1163 veneficae,
795 1115 932 1167 quod,
963 1114 1070 1154 dum
1099 1127 1324 1154 rumorem
1342 1114 1601 1167 respiciunt,
1621 1113 1730 1155 dum
1747 1118 1912 1168 parant

313 1193 611 1243 defensiones,
640 1194 929 1234 securitatem
958 1198 1253 1234 morarentur.
1284 1193 1658 1235 Promittentibus
1685 1193 1792 1236 dein
1817 1198 1913 1236 tam
1935 1201 1938 1203 “

321 1273 616 1327 praecipitem
649 1287 821 1322 necem,
856 1287 992 1327 quam
1023 1273 1058 1314 si
1092 1272 1209 1314 ferro
1242 1278 1486 1326 urgeretur,
1520 1273 1776 1315 cubiculum
1803 1271 1915 1316 Cae-

319 1353 429 1393 saris
471 1353 596 1393 iuxta
629 1353 898 1406 decoquitur
930 1353 1049 1393 virus
1082 1352 1276 1406 cognitis
1307 1358 1442 1394 antea
1474 1353 1660 1395 venenis
1690 1353 1915 1407 rapidum.

380 1432 607 1474 Undecim
655 1438 758 1473 sunt
806 1432 910 1473 anni
959 1446 1017 1473 ex
1053 1445 1144 1485 quo
1177 1432 1384 1486 rapidius
1414 1431 1657 1486 legendum
1690 1445 1787 1474 esse
1818 1431 1914 1477 dixi

319 1512 505 1565 (Mnem.
539 1511 598 1552 A.
639 1513 749 1565 1894
782 1526 825 1565 p.
861 1512 975 1565 358),
1010 1525 1157 1564 neque
1190 1525 1308 1552 nunc
1341 1524 1413 1552 me
1442 1507 1772 1553 emendationis
1797 1510 1915 1555 illius

320 1592 539 1645 poenitet.
574 1591 694 1645 Quid
727 1590 875 1632 enim?
909 1592 1298 1632 Permiscenturne
1326 1592 1444 1633 inter
1471 1605 1518 1633 se
1546 1592 1687 1635 multa
1713 1590 1914 1637 vene‘na?

319 1671 385 1712 At
427 1673 463 1712 si
506 1673 628 1726 quod
673 1672 850 1713 illorum
893 1673 1228 1727 rapidissimum
1273 1677 1340 1712 est
1383 1686 1554 1714 merum
1591 1673 1737 1723 datur,
1769 1671 1914 1715 multo

318 1753 426 1794 illud
470 1754 554 1793 erit
597 1753 834 1794 efficacius.
878 1752 954 1793 An
999 1752 1191 1793 chimica
1232 1752 1371 1793 utitur
1412 1753 1586 1794 ratione
1629 1752 1830 1795 Locusta
1868 1757 1914 1794 et
1978 1737 1996 1763 ⁵

319 1841 569 1875 extractum
602 1833 834 1886 quoddam
867 1831 1002 1873 facit?
1034 1832 1099 1873 At
1133 1833 1220 1874 hoc
1254 1846 1436 1886 quoque
1469 1846 1527 1873 ex
1553 1846 1637 1874 uno
1663 1845 1841 1875 veneno
1866 1837 1915 1874 et
1941 1824 1943 1826 ’
1987 1822 1990 1824 ’

322 1913 480 1954 melius
508 1918 551 1953 et
579 1913 751 1954 facilius
778 1913 872 1954 fieri
901 1899 1094 1967 poterat.
1125 1913 1255 1954 Nunc
1284 1926 1392 1953 vero
1419 1913 1593 1968 cognita
1609 1918 1737 1955 antea
1752 1926 1916 1957 venena

320 1993 521 2041 adhibet,
556 1993 642 2033 hoc
669 1998 750 2042 est,
780 1993 862 2033 nisi
901 1992 1049 2033 verbis
1085 1993 1176 2033 vim
1205 1992 1350 2033 facere
1378 1991 1599 2043 volumus,
1625 1993 1774 2035 omnia
1798 2006 1917 2049 quae
2003 2047 2007 2051 ἢ

318 2071 535 2113 hactenus
578 2072 882 2112 innotuerant.
926 2071 1061 2125 Quod
1099 2071 1210 2126 mihi
1243 2072 1428 2125 quidem
1462 2072 1593 2113 nimis
1626 2073 1806 2115 videtur
1835 2073 1945 2119 aba<

317 2153 515 2193 surdum.
546 2152 667 2206 Ergo
697 2165 927 2206 nunquam
954 2152 1040 2192 hoc
1069 2152 1177 2192 mihi
1206 2151 1419 2205 eripietur
1446 2151 1556 2192 illud
1584 2153 1769 2207 cognitis
1783 2151 1929 2195 antea'

315 2232 488 2273 venenis
518 2245 647 2272 suum
680 2231 764 2272 sibi
802 2230 1003 2285 flagitare
1031 2231 1381 2285 comparativum
1408 2231 1528 2272 unde
1554 2232 1768 2285 pendeat.
1794 2215 1934 2275 ΝῡΙωἶ

316 2317 470 2352 tamen
499 2312 630 2352 nimis
659 2312 950 2365 pertinaciter
978 2325 1059 2366 pro
1089 2324 1189 2352 mea
1216 2324 1417 2364 pugnare
1446 2311 1780 2362 emendatione,
1807 2310 1917 2366 quia
1975 2312 1980 2332 ²

275 2434 279 2442 ,
317 2391 453 2432 etiam
487 2391 622 2432 lectio
655 2392 824 2432 tradita
856 2390 1117 2445 exemplum
1151 2391 1259 2431 mihi
1293 2390 1482 2444 praebet
1514 2390 1590 2440 rei,
1625 2393 1915 2445 quamQ--nunc
1958 2397 1999 2430 Γ

315 2471 591 2519 demonstro,
621 2484 712 2511 non
738 2471 883 2512 minus
901 2471 1129 2511 idoneum.
1149 2470 1448 2511 Doctissimus
1466 2470 1586 2511 enim
1604 2469 1915 2522 Andresenus,

317 2551 440 2591 cuius
483 2551 634 2591 studia
675 2551 863 2592 Tacitea
906 2551 999 2592 iure
1043 2544 1194 2604 magni
1237 2549 1424 2590 facimus
1466 2563 1624 2590 omnes
1645 2547 1687 2604 ¹),
1721 2536 1938 2610 hocffme

368 2671 401 2713 1)
427 2672 536 2713 Igitur
561 2671 665 2703 miror
692 2672 855 2714 equidem
881 2683 951 2704 non
979 2672 1146 2704 ambabus
1173 2682 1251 2703 eum
1275 2670 1435 2702 manibus
1460 2669 1646 2712 arripuisse
1666 2669 1753 2702 felix
1772 2666 1915 2710 Woelff-
1978 2681 1997 2705 ι*

315 2728 394 2759 linii
420 2729 600 2760 inventum
623 2728 671 2771 (v.
695 2730 945 2761 Wochenschr.
967 2730 990 2761 f.
1013 2729 1119 2761 klass.
1142 2729 1230 2760 Phil.
1255 2730 1296 2759 A.
1324 2736 1412 2768 1902
1436 2737 1471 2769 p.
1493 2735 1559 2768 431
1585 2726 1699 2771 sqq.)3
1717 2736 1791 2760 non
1809 2726 1916 2761 miror
1935 2723 1938 2725 ’
1990 2728 1996 2774 ᾗ
2019 2734 2022 2736 ’

312 2786 531 2817 intellexisse
554 2786 663 2817 virum
687 2787 924 2828 perspicacem
947 2798 1051 2829 quam
1072 2786 1210 2818 molesti
1224 2789 1340 2817 essent
1353 2784 1576 2823 mma-atilli
1589 2783 1797 2828 Plutarehei,
1809 2793 1928 2827 quam.
1984 2773 2005 2806 ’'-

314 2844 437 2875 invicti
458 2844 543 2875 arcis
568 2844 847 2877 Woelfflinianae
870 2850 1159 2888 propugnatores.
1182 2845 1236 2876 De
1253 2831 1457 2876 Plutarclieo
1471 2843 1654 2885 εἶςῗΡώμην
1666 2843 1704 2875 in
1717 2841 1917 2875 narratione
1967 2841 2005 2875 '³

317 2902 358 2933 de
391 2901 681 2934 tumultuantibus
717 2903 945 2944 praetorianis
979 2903 1027 2945 (v.
1054 2914 1089 2945 p.
1118 2910 1135 2944 7
1164 2901 1260 2945 sqq.)
1283 2912 1343 2934 cur
1362 2901 1471 2933 altum
1493 2901 1594 2933 sitin
1615 2899 1813 2934 Andreseni
1834 2909 1914 2933 cen-

314 2970 391 2991 sura
417 2959 596 2991 silentium
622 2960 710 2991 scire
738 2961 917 3002 pervelim.
