2040 3412
841 283 916 327 171

0 392 27 434 ἰ,
81 392 373 448 Quapropter
415 406 498 447 pro
541 401 761 436 constaret
801 393 1044 448 legendum
1089 400 1253 434 censeo
1296 400 1467 441 constet,
1513 396 1562 432 ut
1594 390 1682 432 hoc

82 474 206 516 dicat
232 473 437 515 Tacitus:
486 473 595 527 „hac
623 488 670 515 re
698 474 986 516 considerata
1013 488 1095 528 pro
1123 479 1248 515 certo
1275 473 1512 527 affirmare
1537 472 1682 514 ausim

81 567 174 610 non
205 553 317 596 alios
350 554 551 608 potiores
583 554 762 596 fuisse.”
1338 545 1343 549 ’

139 633 284 677 Simili
311 634 424 676 vitio
451 634 523 676 hic
553 634 678 676 locus
697 635 794 689 (IV,
816 635 887 690 74)
907 635 1098 676 laborat.
1118 635 1486 676 Commemorata
1504 634 1683 675 abiecta

80 715 156 761 illa
182 715 444 758 adulatione
473 730 563 770 qua
590 722 773 758 senatus
800 716 1034 758 Tiberium
1062 716 1382 785 Seianumqu-e,
1407 729 1510 757 cum
1529 715 1686 757 relicta

77 809 158 847 sua
188 795 333 838 insula
365 796 599 850 aliquanto
633 797 819 851 propius
851 797 909 838 ad
944 797 1103 838 urbem
1131 783 1417 846 accederent,
1446 796 1503 837 sit
1531 809 1683 850 prose-

78 882 222 926 cutus,
257 876 368 918 haec
401 877 654 918 adduntur:

139 955 260 998 Satis
305 957 547 999 constabat
592 963 774 999 auctam
800 963 802 965 ’
824 958 865 999 ei
907 958 1214 1012 arrogantiam
1257 957 1443 1000 'foedum
1485 956 1594 998 illud
1637 956 1682 997 in

78 1036 322 1093 propatulo
355 1037 590 1079 servitium
622 1038 895 1092 spectanti.”

140 1117 258 1168 Non,
289 1123 338 1159 ut
365 1119 540 1172 opinor,
572 1119 885 1160 Romanorum
914 1119 990 1173 qui
1019 1118 1189 1159 Tiberii
1216 1117 1460 1172 Seianique
1477 1123 1685 1172 tempore

79 1197 304 1248 vixerunt,
349 1197 423 1239 hic
466 1198 683 1240 iudicium
726 1199 960 1252 quoddam
1004 1198 1212 1248 refertur;
1249 1198 1342 1239 iure
1376 1198 1497 1238 enim
1530 1203 1686 1238 nostro
1709 1229 1720 1242 ,

79 1291 354 1333 rogaremus,
388 1279 623 1333 quomodo
658 1278 838 1320 illorum
871 1279 1106 1320 hominum
1136 1279 1389 1319 communis
1416 1279 1501 1319 ista
1529 1278 1686 1331 opinio

79 1358 241 1401 Tacito
283 1360 568 1400 innotescere
612 1360 827 1413 potuerit,
872 1364 995 1400 certe
1029 1359 1087 1400 ab
1121 1372 1175 1400 eo
1209 1372 1326 1399 nunc
1360 1372 1454 1399 rem
1487 1357 1686 1411 aliquam

80 1444 310 1480 narratum
344 1439 396 1480 iri
429 1445 811 1493 exspectaremu5‚
847 1453 963 1493 quae
998 1440 1276 1480 documento
1309 1443 1427 1479 esset
1460 1438 1550 1478 iam
1578 1437 1686 1478 olim

82 1531 184 1560 eam
226 1517 319 1559 fere
362 1518 528 1560 civium
568 1518 703 1560 fuisse
735 1519 1024 1560 sententiam.
1060 1518 1165 1568 Sed,
1201 1519 1282 1559 nisi
1318 1518 1471 1559 omnia
1504 1531 1575 1558 me
1609 1517 1688 1558 fal-

84 1598 196 1649 lunt,
235 1599 345 1653 quid
378 1599 474 1654 ipse
508 1605 693 1641 censeat
727 1600 913 1641 Tacitus
946 1599 1018 1640 hic
1053 1600 1257 1653 exponit,
1291 1598 1363 1639 vel
1398 1599 1549 1652 potius
1581 1598 1691 1651 quid

85 1680 206 1734 apud
242 1663 477 1735 plerosque
517 1680 763 1730 historicos,
807 1676 1001 1734 quorum
1044 1679 1183 1723 libros
1226 1680 1282 1720 de
1326 1679 1409 1720 hac
1443 1683 1594 1719 aetate
1628 1678 1692 1718 in-

83 1759 247 1814 spexit,
283 1760 521 1801 invenerit.
558 1760 682 1814 Ergo
714 1761 826 1803 satis
858 1768 1027 1802 constat
1057 1760 1316 1814 legendum.

145 1918 202 1960 A.
231 1919 312 1969 IV,
351 1931 415 1962 11.
448 1921 513 1962 Ut
542 1921 746 1974 ineptam
774 1920 986 1962 fabellam
1015 1922 1072 1962 de
1101 1935 1278 1962 veneno
1307 1921 1365 1962 ab
1390 1921 1488 1975 ipso
1507 1920 1692 1961 Tiberio

85 1999 234 2041 Druso
277 1999 369 2041 filio
412 2001 584 2042 tradito
626 2001 792 2043 refutet
834 2001 1200 2056 (Seiani-nempe
1234 2001 1391 2043 fraude
1424 2015 1514 2042 non
1546 2000 1692 2041 solum

85 2079 332 2134 pellectum
375 2081 592 2135 Lygdum
626 2081 840 2122 libertum
874 2087 923 2122 ut
956 2095 1184 2123 venenum
1219 2082 1366 2122 Druso
1401 2086 1580 2135 pararet
1613 2080 1693 2121 sed

87 2159 226 2201 etiam
268 2160 454 2202 Tiberio
498 2175 763 2215 persuasum
806 2162 947 2203 filium
991 2163 1031 2203 ei
1066 2162 1258 2203 nefarias
1290 2167 1462 2202 struere
1496 2161 1694 2210 insidias,

88 2238 322 2282 Tiberium
355 2254 462 2295 ergo
495 2241 723 2296 poculum,
760 2243 883 2295 quod
914 2248 962 2283 ut
991 2243 1156 2283 vitaret
1185 2242 1383 2283 monitus
1410 2247 1543 2291 esset,
1571 2240 1695 2282 obla-

87 2325 185 2361 tum
212 2322 442 2375 accepisse
470 2322 647 2375 ipsique
677 2322 768 2363 filio
797 2322 1076 2363 ebibendum
1105 2323 1298 2371 dedisse,
1328 2335 1480 2362 rumor
1504 2320 1695 2374 ferebat)

87 2406 134 2442 et
166 2401 263 2442 aliis
297 2402 436 2442 utitur
468 2402 747 2456 argumentis
779 2402 965 2442 Tacitus
999 2408 1043 2442 et
1078 2402 1184 2443 hoc:

153 2479 299 2535 „Quin
328 2482 479 2535 potius
507 2482 762 2523 ministrum
792 2483 955 2528 veneni
975 2482 1267 2530 excruciaret,
1287 2486 1520 2522 auctorem
1539 2480 1695 2534 exqui-

88 2567 220 2611 reret,
254 2562 387 2603 insita
420 2562 617 2616 denique
651 2562 789 2602 etiam
814 2562 867 2602 in
901 2568 1143 2602 extraneos
1176 2562 1466 2602 cunctatione
1495 2566 1540 2602 et
1569 2574 1696 2602 mora

86 2642 329 2683 adversum
362 2643 545 2683 unicum
574 2648 620 2683 et
649 2642 812 2683 nullius
839 2648 945 2683 ante
966 2642 1121 2696 flagitii
1140 2648 1427 2696 compertum
1445 2640 1694 2682 uteretur?'’

149 2722 320 2776 Utique
355 2728 459 2776 post
492 2730 760 2776 compertum
794 2723 1086 2763 inserendum
1120 2728 1187 2763 est
1211 2722 1377 2777 filium.
1408 2721 1481 2764 Sic
1510 2722 1694 2762 demum

89 2808 322 2842 extraneos
350 2801 539 2842 habebit
567 2802 690 2855 quod
720 2807 842 2842 recte
870 2808 1144 2855 opponatur,
1173 2808 1218 2843 et
1247 2804 1420 2843 unicum
1444 2803 1595 2843 dicere
1614 2816 1696 2856 pro

93 2882 266 2924 unicum
291 2883 443 2938 filium
478 2896 533 2923 ne
568 2882 782 2923 Latinum
819 2883 1005 2936 quidem
1039 2883 1231 2924 videtur.
