2040 3412
1101 309 1131 348 4

389 427 523 466 „mox
554 415 681 468 quasi
711 415 910 457 rixantes
937 422 1093 471 stupra
1120 430 1172 458 ac
1202 416 1372 470 flagitia
1399 416 1593 456 invicem
1622 415 1925 465 obiectavere,

325 498 485 534 neuter
517 493 674 535 falso”.

384 573 555 615 Neuter
588 574 730 629 salso.
777 575 941 617 Nonne
988 576 1178 617 mordax
1221 575 1307 617 hoc
1342 576 1528 624 dictum,
1565 587 1715 616 nonne
1746 587 1849 616 acre
1880 579 1928 616 et

326 652 555 702 acerbum,
598 667 749 695 nonne
793 656 989 709 denique
1033 669 1138 697 vere
1181 654 1448 697 Taciteum?
1499 655 1678 708 „Nolite
1713 651 1926 695 credere”

324 731 506 773 lictores
548 740 736 775 monent
781 734 1037 775 Nisseniani
1084 734 1250 788 „nolite
1288 734 1360 774 hic
1397 733 1468 775 vel
1501 733 1648 774 Taciti
1681 732 1753 774 vel
1785 733 1929 774 cuius-

326 824 463 864 quam
495 812 741 865 „liberum”
771 827 1017 868 agnoscere
1050 813 1353 867 „arbitrium’'.
1385 813 1503 854 Nam
1531 814 1594 854 sic
1623 826 1670 854 se
1688 825 1759 853 res
1776 811 1928 854 habet.

328 890 469 945 Apud
505 891 793 934 Plutarchum
827 893 913 934 hoc
947 894 1004 934 de
1037 894 1200 934 eadem
1232 907 1279 934 re
1313 893 1476 947 legitur
1509 892 1743 934 iudicium:

385 971 428 1011 οὐ
472 971 631 1021 ψευδῶς
675 971 768 1022 μέν,
811 972 983 1022 γελοίως
1025 972 1067 1014 δὲ
1105 971 1175 1014 καὶ
1220 971 1399 1020 ἀνοήτως
1435 971 1603 1024 θοέτέρου
1635 970 1704 1013 τὸν
1736 968 1868 1024 ἕτερον
1899 966 1928 1012 ἃ

329 1055 482 1102 προσ-ἧν
516 1051 768 1104 ἀμφοτέροις
804 1051 932 1100 ὀνείδη
966 1051 1253 1104 λοιδοροῦντος.

388 1130 510 1185 Ergo
553 1131 598 1172 in
641 1132 871 1173 communi
914 1132 1039 1174 sonte
1082 1132 1167 1174 fuit
1208 1134 1433 1187 quaedam
1476 1133 1692 1174 orationis
1734 1132 1930 1182 ubertas,

332 1224 468 1264 quam
513 1210 777 1253 Plutarchus
820 1212 1000 1266 reliquit
1043 1213 1274 1263 intactam,
1312 1218 1359 1254 at
1391 1213 1576 1254 Tacitus
1608 1211 1934 1254 vocabulorum

338 1291 554 1331 maiorem
588 1292 739 1332 omisit
771 1298 948 1346 partem
981 1298 1026 1333 et
1054 1293 1116 1334 sic
1145 1292 1294 1334 brevis
1322 1292 1395 1334 illa
1422 1298 1528 1334 nata
1555 1298 1623 1334 est
1647 1290 1934 1341 sententiola,

337 1384 472 1424 quam
521 1360 602 1412 vos
645 1386 762 1413 nunc
805 1378 1039 1426 tamquam
1083 1387 1187 1414 vere
1231 1373 1466 1414 Taciteam
1507 1372 1643 1414 stulte
1686 1371 1934 1414 miramini:

335 1464 425 1491 non
459 1452 594 1501 enim,
627 1453 842 1505 quoniam
875 1453 938 1493 sic
971 1452 1156 1493 Tacitus
1188 1452 1344 1503 voluit,
1379 1458 1484 1493 nata
1517 1466 1570 1494 ea
1601 1457 1683 1502 est,
1715 1452 1795 1494 sed
1829 1452 1935 1506 quia

335 1531 410 1571 lex
453 1531 651 1581 iubebat,
697 1545 833 1585 quam
877 1538 981 1586 post
1024 1533 1165 1574 multa
1205 1532 1384 1573 saecula
1418 1532 1650 1573 Nissenius
1682 1537 1806 1573 certa
1838 1534 1935 1572 erat

334 1616 636 1664 concepturus
667 1611 871 1652 formula.
905 1611 1014 1661 Aut,
1047 1612 1082 1652 si
1117 1612 1202 1652 hoc
1235 1611 1459 1661 mavultis,
1492 1611 1755 1666 imprudens
1787 1623 1935 1665 neque

336 1691 585 1744 quidquam
613 1691 718 1732 inde
748 1697 1019 1746 exspectans
1046 1691 1204 1741 laudis,
1233 1705 1333 1732 eam
1352 1693 1414 1732 ita
1432 1691 1617 1733 Tacitus
1635 1689 1932 1732 enuntiavi&

395 1771 589 1811 Boissier
625 1777 790 1820 autem,
824 1785 1099 1825 quamquam
1135 1785 1191 1812 ne
1224 1772 1319 1826 ipse
1352 1754 1818 1825 quidem⁸quidquam
1851 1783 1934 1825 pro

337 1855 462 1891 certo
509 1851 730 1892 affirmare
777 1865 908 1892 ausus
957 1857 1024 1892 est
1065 1874 1123 1881 —
1165 1851 1228 1892 sic
1275 1851 1396 1892 enim
1438 1851 1530 1892 fere
1571 1851 1934 1893 venustissimam

337 1944 463 1971 suam
501 1931 899 1985 doctissimamque
933 1931 1163 1973 concludit
1196 1932 1575 1986 disputationem:
1614 1930 1844 1984 „quaestio
1875 1930 1935 1971 de

337 2010 483 2052 Taciti
526 2010 726 2052 fontibus
767 2025 915 2065 neque
957 2011 1104 2053 soluta
1148 2017 1215 2052 est
1252 2025 1414 2065 neque,
1448 2017 1497 2052 ut
1529 2010 1704 2065 opinor,
1735 2009 1936 2052 solvetur

336 2090 565 2144 unquam”
598 2116 656 2121 —
682 2097 835 2133 tamen
864 2092 1034 2146 primus
1061 2091 1156 2141 fuit,
1185 2092 1262 2145 qui
1291 2091 1477 2132 doceret
1504 2090 1712 2132 homines
1736 2090 1795 2132 ad
1823 2103 1935 2145 quas

334 2170 636 2212 absurditates
685 2172 948 2213 detruderet
990 2171 1065 2213 lex
1107 2171 1182 2212 illa
1224 2171 1346 2212 cives
1388 2170 1520 2211 nimis
1563 2171 1807 2212 modestos.
1849 2169 1933 2211 Illo

336 2250 456 2291 enim
483 2256 667 2292 auctore
696 2251 784 2292 iam
813 2251 1096 2293 confidenter
1124 2251 1210 2292 hoc
1228 2250 1457 2292 declarare
1474 2251 1715 2292 audemust
1739 2250 1798 2292 sit
1813 2255 1933 2292 cete-

334 2329 494 2383 roquin
539 2330 863 2384 qualiscunque
906 2331 1104 2380 Tacitus,
1146 2331 1203 2371 sit
1245 2330 1290 2371 in
1333 2329 1604 2384 inquirendo
1637 2330 1829 2385 diligens
1860 2330 1933 2372 vel

334 2409 551 2463 incautus,
586 2410 630 2451 in
664 2411 918 2452 enarrando
950 2411 1091 2452 iustus
1125 2410 1196 2452 vel
1230 2410 1433 2464 cupidus,
1462 2415 1509 2451 at
1537 2409 1675 2454 habet
1701 2410 1933 2464 ingenium

335 2489 567 2543 proprium
610 2503 843 2544 suumque,
890 2491 1212 2545 propriamque
1245 2491 1339 2531 eius
1371 2489 1572 2530 indolem
1605 2489 1740 2531 refert
1772 2490 1932 2532 oratio.

336 2568 580 2623 Postquam
614 2583 721 2610 vero
755 2571 929 2611 exstitit
963 2571 1276 2620 Woelfflinius‚
1311 2571 1387 2624 qui
1419 2570 1602 2624 egregio
1636 2569 1803 2624 ingenii
1830 2582 1932 2611 acu-

335 2647 454 2687 mine
483 2648 598 2689 hanc
628 2656 932 2702 perscrutatus
962 2656 1029 2691 est
1057 2651 1384 2704 quaestionem,
1415 2650 1567 2690 omnia
1594 2649 1670 2690 illa
1688 2649 1932 2699 volumina,

334 2740 449 2779 quae
497 2726 642 2781 longis
689 2728 893 2770 locorum
941 2729 1257 2784 parallelorum
1303 2728 1469 2769 tabulis
1521 2729 1681 2770 Tacito
1731 2729 1932 2770 adimere

334 2807 518 2847 student
558 2808 778 2861 quidquid
812 2809 936 2851 illum
970 2810 1166 2851 maxime
1199 2824 1225 2850 a
1258 2814 1512 2850 ceterorum
1543 2809 1813 2863 scriptorum
1845 2809 1932 2850 dis·

335 2886 500 2939 tinguit
543 2892 689 2935 coetu,
733 2888 963 2930 volumina
1000 2890 1074 2931 illa
1107 2890 1361 2944 composita
1393 2902 1419 2929 a
1451 2889 1557 2929 viris
1589 2890 1680 2943 qui,
1713 2894 1762 2930 ut
1794 2888 1932 2943 ipsius

336 2965 597 3005 Woelfflinii
630 2971 728 3007 utar
763 2968 886 3009 dicto
919 2983 1069 3020 aureo,
1107 2975 1227 3023 „tam
1259 2969 1399 3010 densa
1431 2981 1478 3008 se
1511 2968 1793 3010 circumdant
1825 2968 1932 3009 doc-

2038 1611 2040 1618 .
2036 1581 2040 1602 ..s
2037 1561 2040 1563 .
2030 1426 2040 1535 μ...μ;....-
2037 1415 2040 1417 .
2028 1322 2040 1407 „¹—..A..
