2040 3412
1091 298 1150 341 90

388 407 445 447 H.
479 407 560 455 ΙΙΙ,
597 419 665 460 31.
710 407 956 460 Postquam
998 408 1195 448 narravit
1239 408 1295 449 de
1336 407 1532 451 tumultu
1573 407 1690 448 inter

328 486 493 527 milites
532 492 647 535 orto,
689 487 837 540 deque
869 486 1034 541 Tampi
1067 486 1274 528 Flaviani
1308 487 1522 541 periculo,
1555 487 1626 528 cui
1658 500 1706 528 se
1734 486 1813 529 ille
1862 486 1869 497 ⁴

325 566 615 615 subtraxerit,
649 566 712 607 sic
746 566 939 620 scriptor
970 567 1141 621 pergit:
1470 571 1473 572 ⁷

389 646 655 700 „Legiones
674 645 798 687 velut
816 646 923 687 tabe
941 646 1147 696 infectae
1167 646 1401 700 Aponium
1415 645 1719 696 Saturnmum,
1736 627 1931 688 Moesi

327 726 552 766 exercitus
585 725 798 779 legatum,
833 738 887 766 eo
920 726 1116 766 atrocius
1148 726 1472 780 aggrediuntur
1504 726 1628 780 quod
1660 739 1698 767 e.
1729 739 1773 780 q.
1800 722 1850 768 s.'
1927 714 1930 716 ’

389 806 516 847 Haec
558 805 662 854 cito,
698 806 892 859 primum
928 811 976 846 ut
1008 811 1228 860 appareat
1259 805 1368 859 quid
1402 806 1579 847 intersit
1610 805 1728 847 inter
1757 813 1907 873 sermf,
1914 787 1934 828 ἐ

327 899 431 926 nem
464 885 701 926 Taciteum
735 890 781 926 et
813 885 1068 926 orationem
1100 899 1255 927 eorum
1284 886 1360 939 qui
1388 885 1652 940 simpliciter
1677 882 1905 940 loquuQ
1882 891 1906 932 ιζ,
1930 870 1933 874 ’

325 964 631 1018 scribuntque.
667 963 1060 1019 Simplicissimum
1092 964 1179 1006 hoc
1211 970 1308 1006 erat
1341 971 1386 1006 et
1413 964 1644 1019 scriptoris
1670 960 1890 1017 sentent?

325 1044 632 1098 aptissimum:
671 1043 932 1098 „Aponium
966 1076 975 1085 .
996 1076 1005 1085 .
1025 1076 1035 1085 .
1068 1045 1405 1098 aggrediuntur,
1439 1057 1494 1086 eo
1526 1044 1722 1086 atrocius
1753 1047 1867 1099 ῳιιὶ
1871 1011 1931 1061 δὲ

327 1137 431 1164 nam
466 1137 611 1164 novae
645 1124 928 1173 narrationis,
956 1137 1072 1177 quae
1099 1124 1371 1173 adnectitur,
1399 1129 1717 1178 argumentum
1740 1121 1829 1165 hoe
1864 1112 1947 1174 -η

330 1204 453 1257 quod
488 1217 606 1244 nunc
633 1217 681 1244 se
709 1204 754 1245 in
781 1203 918 1245 alium
946 1204 1109 1245 ducem
1137 1204 1363 1245 convertit
1391 1203 1584 1245 militum
1611 1204 1689 1254 ira,
1717 1203 1788 1246 cui
1812 1187 1950 1267 iu

335 1297 414 1335 „eo
457 1284 653 1324 atrocius
694 1284 818 1337 quod
863 1297 901 1325 e.
930 1297 973 1338 q.
1002 1283 1052 1325 s.'
1058 1283 1387 1338 ’explanandi
1428 1297 1562 1325 causa
1598 1275 1942 1327 additur.

330 1362 486 1403 maluit
528 1362 712 1404 Tacitus
753 1376 877 1404 more
920 1376 1001 1404 suo
1044 1363 1244 1404 diversas
1289 1376 1358 1404 res
1400 1363 1444 1404 in
1485 1376 1622 1419 unam
1659 1358 1898 1405 contrait
1890 1384 1923 1413 ,ι

327 1442 614 1483 sententiam.
649 1442 829 1483 Deinde
861 1448 910 1484 ut
942 1443 1150 1496 sequenti
1183 1443 1333 1497 capite
1364 1442 1596 1497 scriptoris
1627 1441 1770 1485 nostri
1833 1443 1932 1480 «ι

329 1528 487 1564 contra
515 1537 702 1577 pravam
728 1523 971 1565 defendam
990 1523 1329 1565 distinctionem
1347 1524 1427 1565 sed
1445 1523 1712 1578 speciosam,
1730 1525 1778 1564 et
1793 1527 1824 1577 q‘

328 1603 411 1643 nisi
455 1602 596 1652 fallor,
641 1603 699 1644 ab
741 1617 831 1644 uno
874 1603 1109 1657 alteroque
1152 1603 1326 1644 editore
1369 1603 1459 1644 iarn
1497 1607 1566 1644 est
1597 1601 1807 1645 admissa.
1855 1595 1947 1662 ·

326 1688 479 1725 autem
506 1682 579 1723 ille
606 1682 732 1724 locus
760 1688 914 1724 nostro
942 1683 1190 1724 admodum
1218 1682 1386 1724 similis.
1413 1682 1520 1724 Post
1545 1685 1747 1723 narratas
1766 1674 1910 1742 ι

327 1761 372 1802 in
406 1761 626 1803 Flaviano
659 1763 860 1803 exercitu
894 1763 1004 1804 haec
1037 1762 1266 1817 leguntur:
1743 1766 1746 1767 ⁷

392 1842 488 1894 „Ne
521 1842 566 1883 in
600 1842 773 1884 Vitellii
805 1843 990 1896 quidem
1024 1843 1227 1897 partibus
1254 1843 1435 1897 quietae
1462 1848 1638 1884 mentes
1664 1840 1865 1895 exitiosi·

328 1923 553 1964 discordia
587 1936 677 1964 non
710 1924 1040 1978 suspicionibus
1073 1923 1208 1978 vulgi,
1242 1925 1322 1965 sed
1357 1923 1547 1978 perfidia
1579 1923 1746 1965 ducum
1773 1927 1920 1981 turs?-

327 2002 535 2044 bantur'’.
1888 1991 1898 2001 *⁴

389 2081 564 2136 Sponte
602 2097 649 2124 se
681 2083 812 2124 offert
844 2084 1105 2125 coniectura
1138 2089 1242 2138 post
1274 2091 1435 2125 mentes
1466 2083 1683 2124 maiorem
1715 2093 1814 2123 esse
1843 2091 1922 2137 p

328 2163 526 2204 nendam
560 2163 912 2212 distinctionem,
946 2163 1009 2204 sic
1036 2164 1156 2204 enim
1186 2163 1339 2204 omnia
1366 2163 1479 2204 fiunt
1507 2161 1767 2216 planissima
1792 2149 1878 2202 et

327 2242 673 2295 intelligendum
701 2243 1054 2297 expeditissima.
1087 2243 1147 2283 Et
1174 2248 1329 2283 tamen
1358 2255 1493 2283 nemo
1520 2254 1621 2282 eam
1649 2239 1814 2296 probet
1851 2259 1874 2278 v

326 2323 402 2375 qui
435 2323 480 2363 in
513 2323 675 2363 Tacito
709 2323 874 2377 hospes
905 2323 985 2364 sit:
1022 2323 1079 2363 de
1111 2322 1331 2364 industria
1358 2322 1477 2363 enim
1505 2321 1690 2362 Tacitus
1715 2320 1762 2362 in
1787 2332 1908 2367 u¹

327 2402 601 2443 sententiam
633 2402 783 2456 coegit
814 2408 861 2443 et
892 2415 988 2443 rem
1015 2415 1196 2451 novam,
1225 2415 1361 2455 quarn
1389 2400 1680 2456 praecedenti
1706 2399 1825 2474 adne
1865 2389 1910 2430 -·’“Ῐ

330 2486 375 2521 et
407 2482 470 2521 rei
504 2494 650 2522 novae
683 2481 1067 2535 explanationem.
1736 2483 1758 2487 “
1868 2525 1923 2572 ᾖ

389 2561 446 2600 Η.
482 2561 560 2609 ΙΙΙ,
603 2573 666 2614 13.
696 2560 876 2602 Defecit
902 2574 928 2602 a
955 2559 1143 2602 Vitellio
1169 2559 1333 2608 classis,
1366 2559 1560 2601 Caecina
1587 2558 1790 2613 legiones
1813 2566 1892 2613 qr}

329 2654 417 2693 que
444 2654 546 2681 suas
572 2641 629 2681 ad
659 2632 991 2694 Vespasianum
1019 2639 1252 2690 transfert;
1282 2640 1463 2693 iamque
1487 2639 1532 2680 in
1555 2638 1819 2680 eiusiurave
1838 2641 1907 2700 :sp
1948 2647 1956 2655 ·'

329 2719 470 2760 verba
503 2720 680 2769 milites,
714 2721 803 2761 iam
836 2721 1052 2774 dereptae
1086 2726 1189 2761 sunt
1215 2719 1387 2761 Vitellii
1416 2719 1648 2773 imagines,
1678 2725 1875 2773 praesen*

329 2804 517 2852 tumque
546 2799 814 2853 Vespasiani
844 2814 1024 2850 nomen,
1053 2814 1155 2841 curn
1183 2792 1333 2841 subito
1361 2800 1460 2840 illos
1488 2799 1594 2840 facti
1616 2798 1683 2840 sui
1706 2796 1903 2853 poeni
1891 2798 1919 2818 ²

328 2884 591 2930 reputantes
618 2893 678 2927 se,
707 2884 913 2920 strenuos
941 2879 1040 2920 illos
1068 2879 1337 2921 Germaniae
1365 2879 1622 2928 bellatores,
1649 2876 1771 2919 nulla
1797 2875 1883 2919 cl

1907 2932 1912 2946 ,

329 2963 532 3010 accepta,
567 2971 725 2999 manus
757 2959 936 2999 tradere
970 2958 1242 3000 Othonianis
1275 2959 1370 2999 istis
1402 2971 1538 3012 saepe
1570 2957 1735 3011 fugatis
1762 2955 1848 2998 co?
