2040 3412
1093 324 1154 375 46

328 443 388 484 Et
435 422 659 496 quaenam
708 442 888 492 utilitas,
937 443 1170 496 quodnam
1218 440 1575 484 emolumentum
1617 442 1663 484 in
1702 434 1968 490 conviciis?

327 522 594 576 probrisque
627 520 771 563 inest?
803 521 924 576 Quid
958 522 1080 576 quod
1114 522 1263 563 verbis
1288 522 1381 563 sine
1405 529 1600 576 respectu
1626 522 1777 564 veniae
1801 525 1926 563 toto·

326 616 414 656 que
442 602 591 656 capite
620 614 670 655 31
702 602 887 643 Tacitus
915 602 1032 643 ultro
1060 601 1258 642 declarat
1287 601 1383 642 illas
1410 602 1467 642 de
1491 600 1676 643 Othone
1707 599 1970 657 epistolas

326 682 581 735 probrosas,
614 682 649 722 si
683 681 726 722 in
760 681 880 722 bello
913 681 1032 722 civili
1065 680 1189 722 Otho
1222 681 1416 730 vicisset,
1449 665 1638 722 fortasse
1664 673 1958 723 auctoribus·

327 775 480 803 earum
509 762 699 802 exitium
727 761 938 802 allaturas
965 761 1112 802 fuisse.
1141 760 1217 801 Ad
1246 761 1337 801 vim
1365 759 1656 814 coloremque
1680 742 1974 807 verborum·¹3-s

327 847 448 883 recte
476 841 771 895 intelligenda
798 841 917 882 viam
946 845 1200 881 monstrant
1227 839 1479 880 suavissimi
1506 837 1714 880 versiculi
1737 837 1973 893 (Ῑιιίἀαως,

327 923 372 963 in
416 921 568 963 Ovidii
613 921 1068 975 Metamorphosesin.
1114 920 1359 974 Postquam
1401 925 1539 974 poeta
1571 918 1770 960 narravit
1800 905 1967 975 ᾳριιᾶἶῗ

329 1001 641 1042 Philemonem
682 1000 1018 1054 Baucidemque
1061 1012 1219 1041 omnes
1261 1000 1387 1041 cibos
1429 999 1665 1057 appositos
1705 998 1840 1041 fuisse
1875 998 1927 1049 iga.

328 1080 607 1135 supellectile
641 1080 779 1130 fictili,
812 1080 924 1122 haec
957 1080 1108 1121 addit:
1947 1062 1950 1063 ⁷

952 1165 1057 1214 post
1087 1159 1199 1201 haec
1233 1160 1432 1201 caelatus
1461 1159 1624 1201 eodem

626 1240 796 1281 sistitur
826 1244 1016 1293 argento
1049 1245 1195 1280 crater
1216 1237 1258 1293 ¹).
1963 1286 1967 1287 ⁷

329 1320 492 1362 Eodem
534 1327 720 1374 argento
762 1319 914 1361 iocose
956 1324 1095 1373 poeta
1136 1319 1247 1360 dicit
1289 1331 1395 1372 pro:
1433 1317 1620 1373 argilla,
1653 1322 1700 1359 et
1729 1316 1925 1367 caelatus
1951 1316 1974 1358 :f'l

331 1413 412 1454 pro
444 1400 537 1441 sine
566 1407 666 1441 arte
685 1400 856 1453 factus.
892 1398 1058 1439 Itidem
1090 1403 1246 1439 nostro
1274 1397 1420 1439 Taciti
1447 1397 1549 1439 loco
1565 1399 1729 1452 fovere
1752 1395 1924 1452 aliquid

330 1479 541 1520 dicuntur
582 1478 790 1519 homines
830 1478 1053 1518 incuriose
1095 1483 1142 1518 et
1183 1477 1517 1519 inconsiderate
1553 1481 1753 1532 agentes,
1786 1478 1982 1533 atque

332 1558 505 1600 utilitas
536 1557 624 1607 illa,
658 1571 794 1612 quam
832 1557 1057 1610 „fovent”‚
1091 1563 1159 1598 est
1192 1570 1262 1598 res
1294 1571 1384 1598 non
1417 1557 1564 1598 minus
1591 1555 1761 1599 inutilis
1786 1568 1926 1617 quam
1953 1538 1989 1594 ff·

331 1653 384 1680 ea
427 1651 542 1692 quae
586 1637 724 1678 modo
767 1642 835 1677 est
877 1642 1247 1686 commemorata,
1291 1636 1431 1677 immo
1466 1650 1574 1678 vero
1606 1635 1750 1678 multo
1781 1633 1974 1690 magis

330 1717 517 1773 periculi
544 1717 691 1771 plena.
720 1716 881 1770 Neque
908 1721 1063 1757 tamen
1090 1716 1325 1757 intercedo
1349 1716 1591 1770 quominus
1607 1716 1670 1758 sic
1687 1715 1780 1758 fere
1796 1715 1923 1759 locus
1953 1697 1983 1746 3²3

329 1803 542 1846 vertatur,
588 1803 636 1838 ut
668 1796 775 1838 fecit
809 1797 1023 1846 Ritterus,
1058 1795 1128 1837 vel
1162 1796 1364 1850 Belgice:
1403 1810 1478 1849 „ze
1511 1795 1812 1850 behartigden
1843 1798 1923 1836 net
1966 1777 1998 1809 '⁵'

330 1875 461 1918 zoo’n
504 1875 713 1929 belang’'‚
757 1875 1007 1916 dummodo
1050 1875 1126 1928 qui
1160 1888 1213 1916 ea
1244 1874 1466 1916 vocabula
1497 1875 1658 1916 recitat
1687 1872 1925 1930 pronunti·

331 1956 438 1998 andi
471 1955 719 1996 acerbitate
752 1968 806 1995 ea
837 1954 882 1994 in
916 1954 1190 1995 contrarium
1223 1954 1507 2008 detorqueat.
1979 2003 1984 2006 .

395 2035 584 2076 Duobus
611 2033 807 2086 denique
834 2033 944 2074 locis
971 2033 1015 2074 in
1041 2033 1316 2075 describendo
1332 2033 1554 2075 eiusmodi
1571 2031 1804 2074 vocabulis
1819 2043 1924 2073 usus

333 2128 430 2156 esse
467 2114 652 2155 Tacitus
684 2113 793 2153 mihi
827 2113 1018 2161 videtur,
1053 2127 1169 2167 quae
1200 2112 1456 2167 legentibus
1487 2113 1733 2167 imaginem
1763 2112 1925 2162 ridicue
1975 2095 1998 2166 ’,ἦ

332 2194 423 2236 lam
464 2198 687 2248 ponerent
723 2198 830 2233 ante
862 2192 1030 2234 oculos.
1064 2192 1122 2234 H.
1157 2193 1238 2242 III,
1277 2203 1329 2234 10
1361 2192 1530 2234 Milites
1561 2191 1755 2234 Antonii
1788 2190 1930 2234 Primi,

334 2273 567 2315 Veronam
594 2271 714 2312 vallo
741 2272 1044 2322 circumdant;
1064 2271 1136 2313 hic
1153 2272 1304 2313 subito
1322 2285 1467 2313 novae
1483 2271 1684 2326 legiones
1700 2270 1925 2313 accedunt
1994 2258 1999 2295 ἶ

332 2353 519 2401 amicae,
561 2352 655 2400 sed,
699 2351 807 2392 dum
850 2351 1006 2405 procul
1048 2352 1185 2393 etiam
1227 2357 1369 2401 erant,
1407 2352 1604 2392 hostium
1637 2350 1922 2393 videbantur.

333 2432 435 2481 Hie,
473 2436 522 2472 ut
554 2430 650 2471 fieri
681 2430 811 2480 solet,
845 2430 1009 2471 milites
1041 2430 1347 2484 proditionem
1378 2431 1675 2485 suspicantur,
1706 2435 1844 2484 atque
1875 2429 1922 2471 in

332 2511 575 2565 Tampium
613 2510 895 2560 Flavianum,
930 2511 1106 2564 pridem
1139 2511 1246 2564 ipsis
1278 2510 1471 2552 invisum
1504 2510 1708 2552 involant
1740 2522 1920 2553 omnes:

397 2589 520 2642 „Nec
553 2588 804 2630 defensioni
837 2589 974 2638 locus,
1010 2602 1285 2643 quamquam
1317 2577 1544 2644 supplices
1575 2603 1734 2632 manus
1763 2589 1922 2632 tende·

333 2675 415 2717 ret,
459 2668 583 2708 humi
624 2667 890 2722 plerumque
922 2673 1100 2717 stratus,
1133 2668 1280 2709 lacera
1312 2674 1452 2718 veste,
1486 2674 1644 2723 pectus
1675 2674 1814 2724 atque
1843 2682 1923 2711 ora

334 2747 530 2801 singultu
563 2747 814 2800 quatiens”.

388 2938 422 2981 1)
449 2939 533 2970 Met.
571 2940 671 2982 VIII,
704 2938 772 2971 668
799 2939 943 2982 Optime
969 2940 1129 2972 traditam
1153 2941 1339 2974 lectionem
1364 2943 1519 2975 Kornius
1543 2949 1668 2976 servat.
1694 2927 1924 2978 Coniecturae

337 2995 382 3027 D.
410 2996 550 3028 Heinsii
576 2997 894 3039 eadem—argilla
918 3008 963 3029 ne
987 2998 1199 3030 mentionem
1226 3000 1368 3041 quidem
1392 3001 1503 3033 facere
1529 3001 1635 3034 satius
1660 3005 1732 3034 erat
