2040 3412
932 859 966 901 Ι.

205 1007 447 1051 Eduardus
475 1009 693 1060 Wolfflin,
721 1024 825 1052 cum
853 1026 934 1066 per
960 1011 1144 1067 longam
1168 1027 1391 1056 annorum
1407 1015 1570 1056 seriem
1590 1016 1756 1057 doctis-

68 1145 72 1148 ·
143 1088 268 1131 simis
300 1089 855 1144 ingeniosissimisquead
883 1092 1094 1134 Tacitum
1123 1095 1498 1136 annotationibus
1526 1096 1756 1150 praeclare

42 1148 97 1222 {hi
143 1167 233 1211 iam
267 1168 325 1210 de
358 1174 513 1211 nostra
544 1175 641 1211 arte
675 1172 862 1213 meritus
894 1178 1025 1223 esset,
1061 1173 1148 1215 hoc
1181 1175 1280 1229 ipso
1313 1189 1433 1216 anno
1466 1176 1754 1230 splendidam

142 1253 282 1302 atque
321 1249 599 1305 insperatam
639 1250 744 1292 huic
784 1252 994 1306 scriptori
1021 1238 1189 1295 attulit
1228 1254 1377 1296 lucem
1418 1261 1464 1296 et
1501 1257 1564 1297 sic
1597 1257 1655 1298 ab
1689 1258 1755 1307 iis,

143 1327 222 1383 qui
268 1318 700 1386 Tacitun‘s‘legunt,
750 1332 1026 1374 incubonem
1075 1335 1320 1388 quendam,
1366 1349 1457 1390 quo
1502 1337 1635 1378 nimis
1678 1338 1754 1379 diu

44 1386 50 1411 ⁷
94 1421 102 1427 ·
145 1408 539 1463 opprimebantur,
573 1410 748 1465 fugavit
781 1413 1142 1456 demonstrando
1176 1448 1361 1457 .....
1391 1416 1683 1459 Plutarchum
1712 1419 1756 1459 in

144 1488 251 1531 vitis
284 1488 463 1549 Galbae¹
491 1496 538 1532 et
572 1490 770 1534 Othonis
802 1494 1054 1536 scribendis
1086 1495 1249 1537 Tacito
1283 1502 1468 1538 auctore
1501 1511 1631 1539 usum
1654 1498 1696 1553 ¹).

207 1569 376 1611 Rideat
401 1569 474 1611 hic
501 1570 650 1613 forsan
676 1572 938 1635 Pulfennius
964 1575 1123 1629 ingens
1148 1582 1194 1617 et
1221 1577 1543 1631 „praeclarum,
1562 1577 1756 1628 hercle”‚

26 1679 58 1699 .„
145 1647 372 1691 exclamet
410 1651 688 1704 „inventum,
722 1654 954 1708 tantisque
986 1647 1196 1698 laudibus
1229 1657 1441 1711 dignum!
1476 1658 1615 1712 Quasi
1649 1673 1758 1701 vero

145 1729 396 1784 quidquam
425 1736 579 1773 nostra
605 1733 719 1774 scire
747 1734 926 1776 intersit
953 1741 1051 1777 uter
1076 1741 1226 1777 utrum
1253 1739 1555 1793 exscripserit.
1582 1739 1757 1793 Quodsi

145 1814 352 1852 vetustae
395 1810 498 1852 illae
542 1812 740 1863 chartae,
786 1814 831 1856 id
877 1816 1001 1868 quod
1046 1816 1322 1868 dubitamus,
1367 1819 1554 1860 omnino
1593 1820 1758 1873 dignae

144 1895 250 1932 sunt
291 1903 409 1945 quae
452 1891 674 1946 legantur,
719 1908 789 1935 res
833 1895 939 1936 inde
983 1896 1210 1938 discamus
1252 1904 1299 1939 et
1341 1899 1474 1948 facta,
1515 1905 1667 1941 cetera
1700 1914 1756 1941 ne

144 1974 376 2013 curemus!
421 1971 637 2023 Contenti
681 1988 779 2016 esse
820 1982 1011 2029 possunt
1045 1982 1091 2018 et
1124 1977 1310 2019 Tacitus
1344 1985 1390 2020 et
1425 1979 1690 2021 Plutarchus
1723 1980 1758 2021 si

146 2056 302 2093 nostra
332 2058 458 2094 aetas
489 2052 642 2108 legere
676 2068 754 2096 eos
788 2055 1046 2110 dignatur”.
1270 2051 1273 2054 ”
1559 2104 1565 2111 ,

206 2131 274 2173 At
320 2133 398 2186 qui
446 2133 491 2174 in
541 2134 664 2176 hisce
712 2136 875 2177 studiis
922 2137 1043 2178 vitae
1091 2138 1244 2192 posuit
1286 2139 1581 2181 tabernacula
1623 2140 1758 2196 longe

145 2210 278 2253 aliter
307 2226 355 2253 se
388 2227 484 2254 rem
517 2213 686 2256 habere
720 2222 936 2270 expertus
969 2218 1110 2258 novit.
1146 2217 1375 2272 Quamdiu
1403 2220 1524 2261 enim
1552 2222 1759 2275 regnavit

147 2292 317 2347 opinio,
343 2307 480 2348 quam
506 2308 626 2343 nunc
654 2296 852 2350 denique
876 2297 1090 2339 refutavit
1109 2298 1425 2350 Woelfflinius,
1444 2300 1759 2342 incredibilem

147 2373 379 2426 quandam
427 2388 522 2416 rem
571 2389 654 2429 pro
702 2390 810 2417 vera
851 2377 1061 2431 accipere
1104 2379 1394 2432 cogebamur,
1439 2393 1529 2434 qua
1571 2381 1758 2422 tandem

147 2452 396 2508 aliquando
452 2468 536 2496 nos
588 2455 805 2498 liberatos
853 2450 962 2517 satis
1009 2459 1209 2512 gaudere
1257 2473 1348 2501 non
1396 2474 1648 2514 possumus.
1700 2461 1761 2502 Et

148 2534 360 2588 regnavit
388 2533 486 2576 illa:
521 2542 887 2591 propugnatores
922 2539 1042 2579 enim
1076 2539 1236 2581 habuit
1270 2541 1390 2581 viros
1422 2554 1600 2582 summa
1632 2555 1760 2595 prae-

149 2613 271 2655 ditos
316 2616 603 2667 auctoritate,
652 2631 846 2671 quorum
895 2619 1141 2674 imperiosa
1189 2621 1376 2662 decreta
1423 2620 1760 2676 philologorum

149 2693 310 2749 vulgus
351 2700 482 2737 tanto
524 2697 772 2739 affecerant
813 2705 986 2740 terrore
1033 2705 1249 2754 metuque
1283 2706 1332 2742 ut
1365 2700 1540 2742 hiscere
1571 2702 1760 2743 auderet

201 2844 236 2890 1)
262 2847 304 2879 In
341 2847 710 2890 „Sitzungsberichten
736 2849 797 2882 der
824 2850 1094 2893 philos.—philol.
1122 2852 1195 2884 und
1219 2852 1282 2884 der
1306 2852 1428 2885 histor.
1456 2853 1576 2886 Classe
1603 2854 1664 2886 der
1689 2853 1760 2896 kgl.

148 2903 266 2946 bayer.
294 2905 483 2939 Academie
510 2906 572 2939 der
596 2907 899 2941 Wissenschaften
930 2917 1015 2950 1901
1047 2909 1133 2941 Heft
1160 2909 1211 2942 I''.

1552 2989 1565 3013 1
