2040 3412
1072 298 1157 350 284

378 414 437 455 H.
474 414 554 464 ΙΙΙ,
590 414 659 466 84.
695 414 860 456 Misera
893 415 1065 457 Vitellii
1100 416 1204 471 fuga
1237 419 1416 472 egregie
1449 419 1730 474 depingitur:

382 493 619 547 „Vitellius
647 499 782 549 capta
809 495 919 536 urbe
948 509 1029 550 per
1055 510 1260 538 aversam
1288 497 1446 539 Palatii
1467 504 1642 552 partem
1661 500 1706 541 in
1724 499 1912 543 domum

319 574 471 615 uxoris
514 573 670 615 sellula
703 574 916 625 defertur,
951 581 1013 625 ut,
1047 576 1082 617 si
1115 577 1236 618 diem
1267 577 1442 618 latebra
1473 578 1721 630 vitavisset,
1754 568 1915 622 Tarra-

319 655 467 696 cinam
514 652 571 695 a‘d
621 655 832 696 cohortes
879 655 1131 710 fratemque
1177 657 1458 711 perfugeret3
1508 658 1613 700 dein
1662 652 1970 707 mobilitate}-

316 735 501 789 ingenii,
551 740 597 776 et
646 749 762 789 quae
806 742 966 778 natura
1007 737 1188 791 pavoris
1230 743 1313 791 est,
1356 751 1458 779 cum
1501 739 1654 781 omnia
1695 739 1916 783 metuenti

322 815 578 870 praesentia
606 816 804 857 maxime
833 816 1138 871 displicerent,
1166 817 1211 859 in
1229 817 1450 859 Palatium
1468 819 1720 873 regreditur
1736 824 1915 863 vastum

317 896 654 950 desertumque,
689 896 874 951 dilapsis
905 897 1042 938 etiam
1069 897 1234 939 infimis
1261 898 1546 940 servitiorum
1573 904 1651 940 aut
1678 912 1915 945 occursum

317 976 412 1016 eius
445 975 794 1018 declinantibus.
827 976 988 1018 Terret
1020 958 1218 1018 solitudo
1250 982 1297 1018 et
1330 983 1534 1019 tacentes
1565 977 1676 1030 loci3
1715 983 1914 1036 temptat

315 1056 479 1106 clausa,
515 1055 783 1097 inhorrescit
815 1055 1013 1098 vacuis.”

375 1135 698 1177 Leviusculum
716 1135 905 1177 fortasse
922 1135 1152 1177 videbitur
1163 1137 1286 1190 quod
1306 1137 1475 1187 dicam;
1490 1151 1745 1193 proponam
1757 1143 1912 1182 tamen
1942 1155 1986 1196 ng

316 1215 700 1265 emendationem,
733 1221 783 1256 ut
816 1229 901 1270 ego
934 1229 1112 1266 censeo,
1147 1215 1280 1270 plane
1314 1217 1628 1259 necessariam.
1661 1217 1747 1260 Pro
1773 1225 1917 1263 terret
1951 1205 1986 1251 55

314 1295 559 1349 legendum
591 1300 660 1336 est
693 1303 885 1337 terrent:
920 1295 1089 1336 etenim
1115 1296 1269 1337 statim
1297 1296 1577 1339 audientium
1604 1297 1915 1341 recitantium-
1962 1323 1971 1354 5,

315 1389 403 1429 que
437 1362 566 1417 aures
598 1376 764 1417 sentire
799 1376 971 1418 debent
1003 1376 1123 1418 aliud
1158 1389 1255 1418 esse
1282 1377 1536 1432 temptandi,
1566 1377 1688 1420 aliud
1715 1379 1938 1423 terrendi*

318 1455 442 1497 verbi
486 1456 755 1497 subiectum.
799 1455 873 1498 Sic
917 1457 1112 1510 primum
1154 1462 1260 1498 ante
1301 1462 1502 1498 mentem
1535 1457 1678 1512 surgit
1709 1457 1912 1506 locorum

316 1536 467 1590 imago
500 1541 546 1576 et
577 1536 795 1577 continuo
828 1541 933 1590 post
964 1536 1061 1591 ipse
1093 1537 1304 1591 princeps
1336 1537 1623 1579 miserrimus.

374 1696 433 1737 H.
467 1696 549 1746 IV,
590 1707 654 1738 12.
689 1696 963 1747 Batavorum
996 1697 1199 1739 conditio
1232 1697 1416 1738 minime
1445 1696 1601 1738 infelix
1627 1697 1910 1741 describitur.

320 1776 519 1830 „Erant”
551 1777 614 1818 ait
647 1776 853 1818 Tacitus:
1994 1757 1999 1767 ⁷

378 1870 486 1910 „nec
515 1857 677 1911 opibus
706 1857 924 1898 Romanis
951 1857 1170 1898 societate
1198 1856 1467 1898 validiorum
1494 1856 1637 1898 attriti
1665 1857 1785 1899 viros
1812 1862 1911 1900 tan·
1982 1910 1985 1911 ⁷

314 1943 410 1978 tum
443 1950 658 1991 armaque
690 1937 883 1991 imperio
917 1937 1186 1987 ministrant,
1215 1937 1292 1978 diu
1320 1936 1600 1978 Germanicis
1628 1936 1758 1979 bellis
1785 1937 1926 1979 exer?

313 2017 404 2067 citi,
439 2031 547 2058 mox
578 2022 711 2058 aucta
745 2031 824 2071 per
857 2017 1136 2058 Britanniam
1169 2015 1356 2071 gloria.”

372 2097 458 2139 Pro
501 2097 763 2139 ministrant
803 2097 1035 2138 Wurmius
1077 2102 1200 2138 recte
1242 2096 1370 2138 dedit
1413 2096 1742 2140 ministrabant.
1781 2095 1910 2152 Quae

314 2178 594 2232 praecedunt
622 2177 825 2218 nondum
853 2177 916 2218 ita
942 2182 1047 2218 sunt
1073 2182 1277 2217 correcta
1293 2181 1343 2217 ut
1359 2177 1533 2218 sincera
1550 2176 1686 2232 lectio
1703 2177 1912 2220 restituta
1963 2188 1991 2239 j

314 2258 456 2299 videri
491 2257 646 2311 possit.
681 2256 898 2311 Agricola
930 2257 1031 2298 voci
1065 2270 1109 2310 q,
1143 2270 1181 2297 e.
1213 2256 1414 2298 societate
1443 2256 1610 2298 adiecit
1642 2256 1910 2311 particulam

312 2353 376 2387 ve,
412 2337 607 2379 Vlietius
639 2337 852 2378 Romanis
883 2336 1077 2387 inclusit,
1110 2350 1303 2391 quorum
1336 2342 1546 2378 neutrum
1578 2337 1754 2378 sufficit.
1798 2335 1912 2391 Quis

315 2418 435 2459 enim
477 2418 561 2458 iste
599 2423 670 2474 est
699 2417 1037 2458 enuntiatorum
1070 2418 1197 2467 ordo,
1231 2430 1321 2471 quo
1356 2417 1514 2458 Batavi
1547 2417 1670 2471 prius
1702 2417 1911 2473 dicantur
1954 2434 1956 2437 ’
1983 2475 1988 2479 Α

318 2498 506 2551 „opibus
538 2511 630 2538 non
663 2497 806 2538 attriti
839 2496 966 2538 esse”
999 2486 1164 2538 deinde
1202 2498 1347 2550 „viros
1378 2502 1556 2538 tantum
1584 2496 1908 2558 armaque'im·
1976 2492 1987 2510 ³

313 2578 439 2631 perio
473 2576 792 2626 ministrasse”,
826 2582 1061 2630 tamquam
1092 2577 1128 2617 si
1161 2576 1235 2617 illa
1267 2590 1337 2617 res
1370 2577 1679 2631 praecesserit,
1710 2575 1824 2618 haec
1850 2575 1923 2618 sit.

311 2663 479 2706 secuta,
510 2662 556 2698 et
585 2671 675 2698 non
703 2656 815 2698 haec
843 2657 959 2697 illius
986 2656 1119 2698 fuerit
1147 2655 1308 2697 causa?
1337 2656 1511 2697 Tamen
1531 2660 1635 2710 post
1652 2654 1908 2700 Wurmium
1969 2645 2001 2685 Ῐ

313 2737 626 2790 Vlietiumque
669 2750 759 2777 non
799 2736 990 2777 multum
1022 2736 1249 2790 agendum
1283 2741 1443 2777 restat:
1477 2735 1655 2777 illorum
1688 2734 1809 2776 enim
1841 2720 1909 2776 re·
1975 2755 1980 2763 ε

312 2817 456 2869 ceptis
488 2815 884 2856 emendationibus
916 2816 1055 2856 verba
1091 2816 1236 2868 „viros
1267 2820 1446 2856 tantum
1473 2827 1688 2868 armaque
1716 2813 1908 2868 imperio

313 2894 660 2936 ministrabant’'
694 2909 816 2949 pono
844 2895 888 2935 in
917 2895 1190 2948 parenthesi,
1219 2900 1267 2935 ut
1294 2895 1434 2944 aiunt,
1463 2899 1512 2935 ut
1540 2907 1619 2936 sua
1646 2894 1742 2948 ipse
1769 2893 1910 2935 verba

310 2973 534 3014 illustrans
566 2974 751 3015 Tacitus
783 2975 1045 3016 inducatur:
1980 2954 1988 2962 Δ
