2040 3412
1094 308 1150 352 72

316 416 559 457 tummodo
603 415 753 461 verbis
795 416 859 458 ita
899 416 1158 471 scripsisset,
1204 431 1320 472 quae
1356 424 1451 468 tam
1485 418 1700 474 languida
1730 425 1841 462 sunt*

316 496 362 536 in
405 481 528 536 nullo
571 496 791 549 scriptore
834 496 1001 538 nedum
1045 497 1206 539 Tacito
1250 497 1352 539 ferri
1396 499 1583 554 possint,
1618 513 1700 554 pro
1731 500 1859 544 addit

315 575 559 628 legendum
593 588 758 616 censeo
790 576 967 618 addidit
997 576 1068 618 vel
1103 578 1253 631 potius
1285 578 1423 627 addit,
1459 579 1583 632 quod
1618 593 1755 633 quam
1787 579 1873 630 faci

316 654 360 694 in
392 654 579 696 additur
611 655 837 709 corrumpi
872 656 1070 709 potuerit
1105 657 1295 711 quisque
1327 657 1475 708 videt3
1509 671 1601 712 quo
1633 659 1746 701 vitio
1772 671 1872 703 sem

316 735 571 783 commisso,
604 739 654 775 ut
686 739 839 776 tamen
872 735 1024 789 aliquo
1059 736 1197 778 modo
1230 737 1495 779 cohaereret
1526 739 1766 789 sententia,
1794 739 1882 782 istu

315 814 379 856 ita
411 814 662 868 scripsisset
692 820 853 869 postea
886 821 953 856 est
987 816 1220 857 insertum.
1826 866 1828 869 v

375 893 503 934 Anu.
542 893 646 943 XV,
694 903 761 948 59.
815 895 1062 947 „Immotus
1108 895 1177 936 his
1221 896 1484 950 (amicorum
1527 898 1862 947 admonitionib

317 972 432 1026 Piso)
477 978 522 1014 et
565 972 794 1027 paululum
838 974 883 1014 in
926 974 1109 1028 publico
1152 966 1368 1026 versatus,
1413 982 1516 1031 post
1558 977 1683 1019 domi
1714 982 1922 1037 secretum.

314 1053 515 1093 animum
558 1053 798 1094 adversum
841 1067 1052 1108 suprema
1094 1054 1316 1105 firmabat,
1349 1056 1496 1097 donec
1530 1070 1689 1098 manus
1720 1057 1836 1100 milit
1863 1075 1870 1093 ι

313 1133 565 1182 adveniret,
595 1146 708 1187 quos
737 1133 860 1174 Nero
888 1134 1057 1175 tirones
1084 1140 1162 1176 aut
1183 1135 1422 1190 stipendiis
1439 1142 1643 1178 recentes
1660 1136 1872 1192 delegem

315 1227 420 1255 nam
445 1204 584 1255 'vetus
618 1213 745 1255 miles
776 1213 1024 1255 timebatur
1056 1229 1324 1270 quamquam
1357 1216 1511 1258 favore
1543 1217 1786 1261 imbutus”.

374 1293 448 1335 Sic
485 1293 731 1343 MediceuS‚
765 1294 845 1335 sed
878 1293 998 1336 haud
1032 1295 1169 1336 dubie
1202 1309 1359 1337 verum
1392 1296 1506 1338 vidit
1540 1296 1801 1348 Rhenanus,
1824 1306 1868 1355 ‘q

314 1381 540 1428 tamquam
582 1374 832 1428 proposuit.
873 1373 994 1428 Quid
1028 1373 1178 1416 enim?
1213 1375 1334 1430 Erga
1363 1381 1514 1418 utrum
1547 1376 1741 1419 militum
1762 1378 1861 1433 sav

315 1467 411 1495 esse
455 1460 500 1495 et
542 1454 730 1507 cogitari
774 1459 940 1508 potest,
982 1468 1090 1509 erga
1131 1456 1354 1497 ducemne
1396 1470 1540 1507 suum,
1583 1457 1669 1499 rite
1710 1462 1865 1517 creatu
1963 1507 1970 1515 J

314 1533 491 1587 riteque
534 1533 642 1587 ipsis
684 1534 1006 1588 praepositum,
1050 1548 1107 1576 an
1150 1549 1257 1589 erga
1300 1549 1417 1586 eum,
1461 1537 1538 1591 qui
1581 1537 1719 1580 fidem
1755 1541 1968 1600 eorumj‘ss

313 1612 554 1654 sollicitare
597 1611 778 1654 studet?
824 1613 1051 1667 Equidem
1092 1627 1183 1656 non
1224 1615 1384 1656 dubito
1420 1616 1528 1670 quin
1562 1617 1716 1672 inepte
1747 1617 1841 1661 mili

312 1693 579 1747 imperatori
607 1707 684 1734 suo
706 1694 875 1748 favere
906 1694 1125 1743 dicantur,
1159 1695 1239 1736 sed
1273 1700 1395 1736 recte
1417 1697 1586 1750 fa‘vere
1618 1697 1829 1743 dicuntur
1854 1711 1885 1741 e
1938 1689 1974 1774 ἐ

313 1772 389 1826 qui
421 1772 661 1827 largitione
692 1772 831 1813 utitur
857 1773 1094 1814 adversum
1122 1774 1284 1815 amicos
1308 1782 1351 1816 et
1374 1775 1537 1829 ignotis
1556 1789 1721 1830 quoque
1741 1775 1795 1831 (c.
1815 1777 1968 1835 48),

312 1851 434 1893 illam
477 1857 630 1893 autem
672 1866 696 1892 e
740 1852 956 1893 militibus
993 1853 1022 1893 ii
1060 1853 1143 1894 soli
1181 1854 1375 1908 experiri
1414 1858 1676 1909 potuerunt,
1714 1856 1791 1911 qui
1823 1868 1941 1900 iam

312 1931 589 1985 aliquamdiu
617 1931 661 1972 in
690 1932 846 1972 castris
873 1938 1016 1973 erant.
1044 1932 1109 1974 Cf.
1142 1933 1200 1974 H.
1230 1933 1287 1983 II,
1318 1934 1398 1987 85.
1435 1935 1593 1987 „tertia
1620 1935 1740 1990 legio
1761 1948 1948 1981 exem-

312 2010 436 2064 plum
479 2011 641 2051 ceteris
671 2010 926 2065 legionibus
959 2012 1169 2066 praebuit
1202 2012 1277 2067 (sc.
1311 2014 1369 2055 ad
1404 2013 1739 2069 Vespasianum
1770 1991 1963 2059 trans-3³

310 2090 586 2145 grediendi):
620 2096 783 2132 octava
816 2096 912 2132 erat
944 2105 996 2132 ac
1029 2092 1224 2146 septima
1257 2093 1518 2144 Claudiana,
1549 2095 1724 2138 inbutae
1739 2097 1868 2157 saw.

314 2163 558 2213 Othonis’fi¹
587 2170 712 2213 Otho
753 2172 874 2213 enim
918 2172 1086 2226 ubique
1129 2174 1250 2227 apud
1296 2173 1506 2216 Tacitum
1549 2189 1640 2216 non
1681 2189 1815 2218 verus
1835 2204 1842 2224 5

309 2250 536 2304 legitimus
568 2250 797 2305 legionum
826 2257 963 2305 atque
991 2252 1131 2293 totius
1158 2253 1334 2307 imperii
1363 2254 1455 2295 dux
1483 2260 1564 2304 est,
1592 2256 1673 2296 sed
1699 2255 1855 2302 turbid

310 2330 448 2371 homo
482 2331 558 2385 qui
591 2344 617 2372 a
649 2330 853 2385 legitimo
885 2332 1159 2386 imperatore
1189 2332 1334 2374 Galba
1361 2339 1537 2387 partem
1564 2334 1758 2377 militum
1795 2380 1802 2384 ¹

310 2410 441 2451 bonis
488 2411 660 2452 artibus
703 2412 760 2452 ad
803 2424 850 2451 se
893 2411 1113 2453 allexerit.
1159 2412 1219 2453 Et
1261 2418 1415 2454 tamen
1449 2413 1568 2455 hunc
1601 2427 1659 2455 ex
1691 2413 1805 2489 Hist

307 2648 508 2689 studium
540 2640 747 2702 quamvis
780 2650 915 2691 certis
942 2649 1222 2704 obloquendi
1251 2651 1668 2694 emendationibus!
1697 2653 1768 2694 De
1795 2653 1872 2704 duv

308 2726 391 2766 bus
433 2726 529 2767 aliis
572 2728 817 2778 vocabulis,
861 2743 977 2783 quae
1014 2735 1060 2770 et
1098 2730 1196 2784 ipsa
1232 2730 1290 2770 ad
1324 2731 1555 2772 modestos
1588 2736 1634 2772 et
1665 2731 1927 2789 seditioso&

308 2805 429 2846 cives
457 2806 710 2860 militesque
738 2808 982 2861 pertinent,
1005 2822 1152 2862 neque
1176 2809 1284 2851 satis
1306 2815 1514 2851 accurate
1532 2804 1722 2865 intelligi
1737 2811 1866 2857 solea

309 2898 417 2925 mox
455 2899 652 2939 agemus.

366 2964 742 3007 Coniunctionem
769 2981 872 3009 nam
897 2974 942 3009 et
967 2968 1025 3009 ab
1049 2968 1146 3010 aliis
1167 2969 1461 3022 scriptoribus
1478 2974 1523 3011 et
1542 2982 1568 3010 a
1584 2969 1745 3012 Tacito
1761 2983 1839 3013 sae
1863 3014 1871 3023 .
