2040 3412
1062 269 1176 335 '154

397 410 479 449 „ne
511 397 651 438 verba
683 412 821 452 prave
855 400 1049 465 detorta,
1083 415 1169 444 neu
1203 403 1506 446 convivalium
1539 405 1790 448 fabularum
1821 415 1966 451 sum·
1970 386 1974 393 Δ

334 476 510 531 plicitas
543 477 587 518 in
622 478 792 520 crimen
825 480 1078 532 duceretur,
1113 482 1403 537 postulavit?

333 555 490 609 Atque
533 557 766 610 praemisit
798 558 901 601 huic
933 560 1152 615 epistolae
1185 563 1436 614 exordium,
1469 565 1607 619 quod,
1641 579 1714 607 me
1743 550 1985 627 quidem‘ff

334 637 497 687 iudice,
540 637 762 692 insignem
800 639 844 681 in
879 641 1003 682 omni
1036 639 1266 684 literarum
1301 643 1566 686 Latinarum
1597 645 1784 688 historia
1814 645 1994 691 obti-

335 730 442 758 nere
474 716 623 758 locum
657 724 878 761 meretur:

397 797 543 852 „Quid
562 799 756 841 scribam
775 801 920 851 vobis,
940 806 1091 856 patres
1109 803 1367 858 conscripti,
1385 810 1462 846 aut
1476 806 1710 860 quomodo
1721 806 1932 860 scribam,

332 883 410 919 aut
451 879 560 933 quid
594 880 780 922 omnino
814 894 905 922 non
938 882 1133 923 scribam
1166 882 1254 924 hoc
1285 889 1506 938 tempore,
1540 885 1585 926 di
1619 898 1692 928 me
1724 886 1936 943 deaeque*

333 958 461 1012 peius
494 959 702 1013 perdant,
737 974 872 1014 quam
906 962 1052 1016 perire
1086 951 1164 1004 me¹
1191 963 1359 1006 cotidie
1391 965 1552 1015 sentio,
1581 946 1622 1007 *si
1654 965 1795 1008 scio.”
1853 964 1855 967 ’

395 1038 621 1092 Equidem
641 1040 749 1081 mihi
766 1040 839 1082 hic
856 1042 1011 1083 audire
1029 1043 1188 1084 videor
1205 1056 1374 1094 senem,
1391 1058 1528 1099 quem
1546 1045 1635 1088 iam
1648 1059 1740 1088 non
1750 1031 1938 1106 imperii

334 1122 512 1159 tantum
538 1119 618 1160 sed
644 1125 689 1160 et
708 1119 846 1174 ipsius
863 1121 983 1162 vitae
1001 1121 1154 1176 pigeat
1171 1123 1466 1178 taedeatque;
1486 1125 1562 1179 qui
1581 1119 1820 1189 imperium
1837 1124 1929 1170 non

334 1199 623 1259 appetiverit,
651 1201 730 1241 sed
758 1214 862 1242 cum
890 1201 1057 1242 invitus
1083 1201 1192 1244 illud
1214 1203 1492 1258 sumpsisset,
1511 1209 1560 1246 ut
1577 1217 1714 1259 quam
1731 1197 1946 1262 optimus
1981 1223 2009 1264 ς

334 1283 453 1319 esset
479 1278 727 1333 imperator
753 1280 809 1321 sit
837 1286 1049 1332 conatus;
1078 1282 1154 1336 qui
1181 1287 1280 1324 tota
1307 1283 1492 1337 quidem
1519 1283 1613 1326 vita
1633 1297 1737 1327 cum
1753 1287 1932 1328 summo

333 1358 490 1400 dolore
523 1365 737 1414 expertus
768 1360 826 1402 sit
858 1360 1084 1416 ingratum
1116 1376 1163 1404 se
1196 1376 1293 1404 esse
1325 1363 1584 1406 hominibus
1616 1370 1663 1407 et
1688 1365 1840 1408 timori
1865 1358 1938 1410 i'n?
1967 1373 2006 1428 ᾗ,

331 1439 546 1482 cutiendo
574 1441 798 1495 aptiorem
826 1455 963 1496 quam
990 1442 1181 1485 fiduciae
1209 1444 1401 1494 dandae,
1430 1445 1644 1487 extremis
1670 1458 1781 1488 vero
1801 1446 1934 1493 anni's

330 1532 430 1560 sero
457 1521 725 1574 cognoverit
753 1521 897 1576 qualis
924 1522 997 1564 ille
1027 1521 1216 1565 Seianus
1243 1523 1388 1574 fuerit,
1418 1525 1488 1566 cui
1516 1538 1564 1566 se
1590 1538 1761 1580 suaque
1777 1519 1932 1569 omnia
1967 1511 2002 1574 ’ζ’

330 1601 621 1651 commiserit,
650 1615 798 1657 neque
826 1616 1031 1644 recusare
1058 1617 1106 1645 se
1133 1617 1265 1658 posse
1287 1605 1454 1646 sentiat
1470 1606 1579 1659 quin
1597 1604 1714 1647 illius
1730 1601 1931 1649 facinora

330 1678 414 1720 sibi
434 1680 544 1721 vitio
563 1681 727 1722 dentur
745 1682 831 1736 (De
849 1682 1034 1724 Tiberio
1047 1682 1198 1726 Seiani
1209 1684 1382 1726 artibus
1393 1685 1596 1727 obnoxio
1608 1684 1664 1727 cf.
1678 1685 1929 1729 Karstenus

333 1761 530 1815 passim).
574 1761 760 1803 Miseret
803 1762 1008 1817 profecto
1051 1763 1267 1818 principis
1309 1764 1490 1818 decepti
1533 1770 1581 1806 et
1622 1751 2003 1830 vixtandemzff

331 1841 517 1883 meliora
555 1843 722 1892 edocti,
755 1843 990 1906 probeque
1022 1843 1313 1898 intelligimus
1346 1858 1449 1886 eum
1481 1845 1570 1886 iam
1602 1845 1712 1900 quid
1745 1830 1994 1908 scribat,

330 1922 563 1976 quomodo
599 1922 781 1972 scribat,
816 1923 925 1977 quid
959 1924 1145 1965 omnino
1178 1938 1269 1966 non
1300 1924 1468 1966 scribat
1501 1924 1664 1966 frustra
1695 1937 1928 1980 quaerere.
1961 1924 2006 1985 ζ,-

390 2001 487 2042 Aut
519 2002 555 2042 si
590 2015 662 2044 me
694 2002 806 2044 latet
839 2017 945 2044 vera
971 2004 1146 2045 exordii
1173 2004 1414 2054 sententia,
1441 2004 1666 2058 singulare
1693 2002 1927 2059 quoddam

331 2086 376 2123 et
417 2082 642 2136 peculiare
686 2082 781 2124 eius
823 2077 960 2124 fuisse*
1000 2083 1235 2125 consilium
1274 2097 1408 2126 nemo
1440 2097 1531 2125 non
1564 2084 1803 2126 concedet.
1834 2082 2003 2129 Sed

328 2162 461 2203 simul
500 2163 756 2204 concedant
793 2176 951 2204 omnes
983 2169 1167 2218 oportet
1198 2163 1408 2205 Tacitum
1440 2169 1564 2205 certe
1597 2163 1731 2218 plane
1761 2162 1932 2219 fugisse
1960 2160 2005 2196 s

331 2242 454 2284 illud.
489 2242 616 2297 Quae
650 2243 770 2284 enim
803 2243 1003 2284 subiicit:
1514 2296 1520 2302 ‚
1983 2302 1989 2307 7

395 2322 556 2375 „Adeo
584 2322 783 2364 facinora
808 2329 945 2378 atque
975 2323 1144 2378 flagitia
1171 2336 1250 2364 sua
1277 2322 1361 2377 ipsi
1390 2336 1572 2376 quoque
1593 2321 1638 2364 in
1654 2312 1998 2382 suppliciumg'j

330 2409 573 2445 verterant.
618 2404 779 2457 Neque
822 2403 984 2445 frustra
1023 2403 1434 2457 praestantissimus
1465 2402 1714 2457 sapientiae
1746 2401 1962 2459 ῆτωᾶτεξ.

331 2484 488 2525 solitus
531 2490 612 2534 est,
656 2484 691 2524 si
734 2483 1022 2525 recludantur
1062 2489 1361 2537 tyrannorum
1398 2487 1588 2532 mentes,
1620 2494 1753 2536 posse
1770 2480 1974 2538 aspici

329 2564 522 2606 laniatus
554 2570 600 2605 et
632 2564 760 2614 ictus,
793 2564 991 2617 quando,
1026 2568 1074 2603 ut
1106 2558 1298 2616 corpora
1331 2560 1606 2611 verberibus,
1640 2560 1703 2602 ita
1733 2559 1990 2634 saevttmi

329 2643 531 2694 libidine,
565 2643 692 2684 malis
724 2642 940 2684 consultis
967 2642 1142 2683 animus
1170 2641 1452 2683 dilaceretur.
1482 2639 1664 2694 Quippe
1689 2638 1970 2702 Tibe⁷:1·iuuss3f}⁴
1946 2630 1957 2640 ¹

329 2737 418 2765 non
453 2723 644 2773 fortuna,
674 2737 765 2764 non
791 2722 1058 2764 solitudines
1085 2721 1402 2775 protegebant,
1429 2720 1537 2774 quin
1565 2724 1794 2761 tormenta
1819 2730 1976 2773 pec-t
1987 2718 1990 2720 ’

328 2803 438 2844 toris
470 2816 662 2856 suasque
696 2803 792 2857 ipse
826 2815 997 2856 poenas
1029 2800 1273 2843 fateretur”
1788 2816 1789 2819 ¹
1845 2784 1982 2884 1⁵5³&

326 2882 462 2923 anilia
489 2888 594 2923 sunt
622 2888 668 2923 et
694 2881 1051 2923 circumforaneo
1078 2886 1256 2922 oratore
1284 2880 1420 2934 digna
1447 2878 1589 2933 magis
1611 2890 1748 2933 quam
1772 2887 1969 2927 veraci&

330 2961 1917 3003 historico.
1935 2949 1979 2992 ⁷³⁷
