2040 3412
886 292 963 339 135

83 467 86 471 .
180 405 309 448 Itane
353 403 490 447 vero?
528 405 607 466 Ex
647 418 726 447 suo
768 419 850 447 usu
894 405 921 446 i.
955 419 993 447 e.
1039 410 1088 446 ut
1129 405 1226 459 ipse
1262 405 1403 446 tutius
1435 405 1725 460 securiusque

53 491 327 542 regnaret
367 484 632 528 Artabanus
675 485 822 540 plebis
863 486 1118 540 potentiam
1162 485 1295 540 fregit
1338 491 1385 527 et
1427 486 1726 540 optimatibus

113 565 442 622 rempublicam
469 563 685 607 tradidit?
714 563 825 619 Quis
854 579 1054 619 unquam
1082 564 1190 606 talia
1219 563 1403 607 docuit?
1432 565 1598 607 Nonne
1627 571 1727 608 tota

50 632 302 719 ,historia
343 650 537 688 testatur
579 645 749 687 nullam
783 659 881 687 esse
915 645 1156 687 certiorem
1189 646 1324 695 viam,
1358 659 1448 700 qua
1480 647 1538 687 ad
1571 652 1724 701 tyran-

11 738 15 739 ’
66 730 88 746 ²
114 724 269 769 uidem
301 725 608 781 perveniatur,
642 738 780 780 quam
814 725 1000 766 nimiam
1034 724 1180 780 plebis
1208 725 1477 779 potentiam,
1508 740 1599 768 non
1629 740 1726 768 esse

51 802 94 855 ς-’.Ῐ
113 805 225 853 alias
251 819 322 848 res
349 811 444 848 tam
471 806 589 848 inter
615 819 663 847 se
691 806 897 847 inimicas
926 820 1063 860 quam
1091 819 1281 862 regnum
1309 811 1355 848 et
1378 807 1724 859 aristocratiam‚

50 877 96 946 {z-v.
116 892 166 931 et
207 886 350 930 malos
391 899 521 942 reges
562 886 606 931 in
651 886 798 928 nullos
839 886 951 928 alios
994 887 1117 928 cives
1159 892 1254 928 tam
1297 888 1471 929 saevire
1510 901 1647 942 quam
1680 888 1726 930 in

32 954 327 1030 pihomines
359 980 537 1008 summo
568 966 671 1008 loco
704 965 864 1008 natos?
898 967 1206 1021 Ignorabatne
1234 975 1343 1022 ergo
1371 968 1572 1019 Tacitus,
1600 969 1725 1023 quod

56 1050 76 1102 ζ
119 1061 239 1091 nunc
270 1061 328 1090 ne
360 1047 512 1103 pueris
544 1046 731 1101 quidem
762 1046 970 1101 ignotum
1003 1052 1089 1097 est,
1116 1048 1367 1089 dummodo
1395 1047 1547 1090 Ovidii
1578 1062 1727 1090 narra·

1 1123 2 1126 ¹
117 1127 366 1173 tiunculam
399 1129 457 1170 de
488 1127 725 1182 Tarquinii
758 1133 1006 1182 praecepto
1034 1128 1298 1182 necatisque
1329 1128 1578 1170 Gabiorum
1607 1130 1727 1184 prin-

0 1231 2 1240 =
39 1219 65 1261 ᾗ
103 1209 294 1270 cipibus
334 1206 554 1264 legerint?
596 1207 730 1250 Certe
762 1207 850 1249 hoc
882 1207 985 1249 loco
1018 1208 1081 1249 rei
1114 1214 1208 1249 tam
1241 1213 1392 1250 certae
1426 1214 1612 1263 tamque
1645 1223 1727 1250 usu

41 1290 59 1338 3
103 1285 322 1332 ‘firmatae
364 1289 604 1331 immemor
645 1289 838 1331 videtur.
884 1289 989 1330 Non
1022 1289 1144 1331 enim
1177 1288 1307 1331 facile
1341 1289 1450 1331 mihi
1485 1290 1728 1344 persuade-

34 1354 58 1405 »
116 1369 238 1413 bitur
262 1370 328 1412 ad
347 1369 461 1412 solos
485 1369 687 1412 Parthos
714 1368 855 1410 verba
884 1368 1021 1410 allata
1048 1369 1290 1423 pertinere.
1321 1369 1424 1411 Hoc
1453 1370 1488 1411 si
1511 1369 1728 1412 voluisset

49 1452 56 1494 ζ’
116 1451 316 1501 Tacitus,
361 1450 541 1492 disertis
583 1449 858 1491 declarasset
902 1448 1053 1490 verbis
1095 1447 1180 1490 hac
1213 1449 1257 1490 in
1292 1463 1338 1490 re
1372 1449 1568 1503 Parthici
1601 1450 1727 1504 regni

40 1539 48 1584 j
117 1531 431 1575 conditionem
457 1529 591 1586 plane
614 1535 869 1571 ceterorum
895 1528 1168 1583 populorum
1186 1542 1520 1584 regnorumque
1539 1535 1732 1571 naturae.

42 1613 57 1644 ³?
118 1612 254 1656 fuisse
288 1611 562 1668 oppositam.
593 1611 727 1653 Nunc
756 1623 863 1651 vero
892 1610 955 1651 ita
982 1609 1182 1663 loquitur
1209 1615 1258 1651 ut
1285 1623 1389 1651 eum
1417 1611 1473 1651 de
1502 1610 1727 1660 omnibus,

35 1688 43 1742 J
63 1695 86 1701 ”
121 1708 238 1750 quae
269 1699 375 1736 sunt
407 1698 545 1747 atque
578 1691 772 1741 fuerunt,
806 1690 1301 1744 civitatibuscogitare
1333 1691 1391 1732 sit
1425 1691 1727 1755 perspicuum.

127 1814 145 1818 „
183 1775 267 1818 Est
298 1779 345 1817 et
375 1773 489 1817 alius
516 1773 642 1815 locus
669 1773 793 1814 omni
822 1771 1088 1826 disciplinae
1117 1771 1330 1826 politicae
1359 1773 1624 1822 contrarius,
1652 1773 1729 1827 qui

11 1862 14 1863 ⁷
100 1855 310 1899 *vitiosus
340 1855 527 1910 quidem
560 1854 754 1895 traditus
781 1858 849 1894 est
878 1852 1138 1906 nequedum
1166 1853 1212 1894 in
1240 1853 1466 1907 integrum
1495 1853 1730 1894 restitutus

122 1936 303 1979 videtur
350 1935 409 1991 (v.
451 1949 495 1990 p.
539 1935 626 1989 88),
664 1934 744 1975 sed
788 1930 1061 1988 quocunque
1102 1933 1240 1974 modo
1278 1946 1380 1974 eum
1419 1933 1728 1983 emendamus,

50 2019 55 2030 ³
122 2021 328 2059 remanet
369 2015 531 2057 vitium
573 2014 697 2069 quod
741 2027 859 2055 nunc
897 2013 1084 2054 notabo.
1120 2012 1178 2054 H.
1214 2013 1272 2063 ΙΙ,
1306 2013 1348 2054 6.
1383 2013 1581 2054 Muciani
1615 2014 1729 2055 Ves-

122 2092 387 2153 pasianique
428 2095 594 2138 milites
638 2094 823 2149 cognito
872 2094 1069 2149 primum
1103 2093 1350 2144 Othonem,
1384 2094 1550 2135 deinde
1585 2093 1729 2135 Vitel-

49 2186 55 2195 ¹
121 2178 233 2222 lium
275 2191 356 2233 per
391 2176 538 2220 scelus
568 2176 808 2230 imperium
842 2175 1058 2229 rapuisse,
1093 2174 1389 2216 vehementer
1421 2175 1729 2228 indignantur,

123 2259 335 2308 fremunt,
369 2258 486 2301 vires
518 2270 620 2299 suas
653 2255 1037 2310 circumspiciunt.
1074 2254 1289 2309 Sequitur
1321 2268 1359 2296 c.
1395 2266 1444 2310 7:

50 2326 59 2339 ⁷
188 2340 320 2394 „Non
352 2338 539 2381 fallebat
571 2338 710 2379 duces
741 2337 939 2391 impetus
971 2335 1177 2384 militum,
1211 2335 1291 2376 sed
1326 2334 1600 2376 bellantibus
1632 2334 1730 2376 aliis

22 2419 48 2451 ’ῗ
124 2407 296 2476 placuit
323 2419 570 2475 expectari.
598 2417 772 2460 Bellum
801 2431 904 2459 cum
933 2417 984 2457 In
1012 2417 1209 2458 victores
1236 2416 1473 2470 victosque
1497 2429 1730 2470 nunquam

0 2535 1 2542 ,
40 2486 61 2543 J]
126 2500 272 2543 solida
310 2500 401 2542 fide
445 2499 722 2548 coalescere;
767 2510 850 2539 nec
893 2495 1073 2546 referre,
1116 2494 1354 2537 Vitellium
1397 2509 1454 2536 an
1497 2494 1730 2537 Othonem

127 2580 418 2636 superstitem
450 2579 632 2621 fortuna
663 2576 876 2620 faceret’'.

188 2661 239 2703 In
273 2675 369 2703 cum
401 2661 457 2702 In
478 2657 507 2714 ¹)
540 2659 680 2700 latere
714 2671 868 2699 casum
901 2656 1099 2710 aliquem
1127 2655 1199 2697 vel
1226 2655 1499 2696 substantivi
1526 2656 1636 2697 civis
1659 2655 1732 2696 vel

43 2768 63 2795 ,3
127 2742 342 2798 adiectivi
383 2741 528 2784 civilis
569 2739 698 2781 multi
732 2739 968 2787 viderunt;
1004 2750 1112 2791 ergo
1146 2735 1407 2790 propositae
1439 2741 1545 2777 sunt
1576 2735 1732 2777 lectio-

129 2837 234 2866 nes:
265 2823 368 2865 belli
397 2822 553 2872 civilis,
587 2820 695 2863 bello
730 2819 906 2868 civium,
940 2817 1152 2860 bellorum
1186 2816 1397 2866 civilium,
1427 2829 1544 2870 quae
1573 2829 1732 2857 omnes

183 2991 216 3036 ι)
241 2993 283 3025 In
307 2991 460 3034 imagine
487 2990 720 3034 phototypica
743 2988 820 3032 legi.
842 2986 967 3030 nequit
992 2985 1050 3018 hic
1075 2984 1184 3017 locus.
