2040 3412
67 458 299 501 fastidium
357 471 509 507 versa,
567 458 625 499 ad
674 458 929 513 incognitas
976 458 1188 501 libidines
1237 460 1515 515 profluebat,
1565 474 1668 502 cum

12 538 276 595 abrumpi
319 537 656 580 simulationem
700 539 838 580 etiam
882 538 1029 590 Silius,
1063 541 1158 582 sive
1192 541 1316 582 fatali
1349 541 1575 591 vecordia,
1609 555 1667 582 an

66 619 402 662 imminentium
460 619 765 674 periculorum
823 621 1075 662 remedium
1129 622 1227 676 ipsa
1275 622 1474 676 pericula
1522 627 1667 672 ratus,

68 699 304 755 urgebat.”

129 780 266 822 Haud
308 780 446 822 dubie
489 786 727 835 corruptus
769 780 894 822 locus
937 781 1010 823 hic
1053 787 1144 832 est;
1179 782 1443 824 lacunosum
1477 782 1670 837 putabat

69 860 375 916 Nipperdeius
419 866 464 901 et
507 860 569 901 sic
613 860 706 902 fere
748 861 1077 916 supplendum:
1117 861 1277 915 „Silius
1308 877 1400 904 szve
1431 863 1573 904 taedzo
1605 877 1669 904 zn-

67 948 213 984 certae
233 942 457 996 fortunae
487 941 582 982 sive
616 941 739 983 fatali
775 943 988 984 vecordia
1022 957 1059 984 e.
1079 957 1122 997 q.
1141 943 1205 984 s.”
1240 943 1307 984 At
1335 943 1521 998 languet
1548 944 1668 985 istud

0 1002 10 1081 Β
66 1023 492 1065 sive—sive—an
535 1028 581 1064 et
625 1024 715 1064 duo
750 1024 834 1064 ista
860 1024 1013 1078 fatali
1041 1025 1247 1066 vecordia
1281 1030 1326 1066 et
1359 1040 1417 1067 an
1437 1057 1446 1066 .
1467 1057 1476 1067 .
1496 1058 1505 1067 .
1540 1033 1672 1067 ratus

69 1115 252 1144 omnem
302 1103 360 1144 de
408 1102 504 1146 Silii
553 1103 743 1145 consilio
790 1105 1082 1146 coniectandi
1131 1106 1367 1146 materiem
1416 1111 1510 1147 tam
1554 1106 1672 1147 bene

69 1182 365 1233 exhauriunt,
409 1189 472 1233 ut,
520 1183 744 1238 quidquid
787 1185 1032 1234 addideris,
1077 1185 1195 1226 ultro
1239 1185 1389 1226 locum
1434 1186 1671 1239 depraves.

70 1262 256 1318 Quanto
299 1277 408 1318 ergo
429 1294 431 1296 -
451 1269 654 1318 praestat
688 1264 887 1306 Acidalii
921 1266 1036 1306 ratio
1069 1266 1160 1307 sive
1193 1265 1401 1315 delentis,
1437 1266 1561 1320 quod
1594 1266 1673 1307 ad-

70 1344 217 1386 ditum
251 1357 349 1386 esse
382 1358 474 1385 non
508 1345 657 1385 minus
690 1350 758 1386 est
791 1346 1034 1387 verisimile
1067 1360 1204 1400 quam
1238 1347 1431 1387 alterum
1466 1346 1613 1395 colon,
1648 1359 1675 1386 a

69 1425 163 1467 sive
188 1425 423 1480 incipiens,
452 1426 688 1467 excidisse.
724 1426 985 1480 Adscripsit
1013 1426 1123 1467 illud
1151 1427 1243 1468 sive
1264 1427 1403 1468 homo
1423 1426 1673 1480 imperitus,

0 1495 9 1543 ἶ
72 1506 150 1560 qui
182 1505 400 1560 simplicis
432 1520 491 1547 an
524 1520 655 1547 usum
687 1506 942 1560 ignorabat.

825 268 905 298 221

0 281 25 508 ἶ
127 378 187 420 Α.
244 377 331 427 XI,
384 377 453 419 26.
523 377 645 430 „Iam
696 377 938 420 Messalina
985 378 1201 420 facilitate
1249 378 1574 421 adulteriorum
1623 379 1668 419 in

0 706 14 919 Ξ

131 1585 190 1627 A.
210 1585 314 1636 XII,
341 1595 405 1639 15.
426 1585 715 1628 Mithridates
734 1587 1022 1647 Bosporanus
1041 1587 1242 1641 undique
1260 1586 1452 1628 collecto
1471 1587 1672 1628 exercitu

71 1666 116 1707 in
145 1665 319 1720 Cotyis,
349 1666 662 1707 Romanorum
690 1667 813 1716 socii,
843 1680 1032 1721 regnum
1061 1672 1107 1708 et
1136 1667 1180 1708 in
1209 1667 1505 1721 provinciam,
1536 1681 1674 1722 quam

0 1791 2 1794 ,
71 1747 210 1789 Iulius
243 1746 412 1801 Aquila
446 1747 702 1796 obtinebat,
734 1747 908 1801 irrupit.
959 1746 1047 1801 Qui
1080 1747 1170 1788 suis
1204 1747 1336 1788 diffisi
1370 1747 1563 1788 viribus:

0 1807 6 1825 ζ
136 1833 374 1881 „externas
421 1833 467 1868 et
514 1828 599 1881 ipsi
647 1827 815 1882 gratias
863 1819 1152 1882 duaesivere,
1214 1828 1359 1869 missis
1407 1827 1569 1881 legatis
1616 1828 1674 1869 ad

73 1907 328 1958 Eunonem,
372 1908 449 1962 qui
494 1907 746 1949 Aorsorum
789 1909 914 1962 genti
958 1908 1249 1963 praesidebat
1271 1906 1313 1962 ¹).
1364 1908 1462 1949 Nec
1505 1908 1588 1949 fuit
1631 1909 1676 1949 in

73 1988 216 2029 arduo
256 1988 450 2030 societas
494 1989 749 2043 potentiam
793 1989 1050 2029 Romanam
1091 1989 1308 2030 adversus
1341 1988 1557 2030 rebellem
1594 1989 1677 2030 Mi-

0 2050 12 2132 ἓ
73 2068 322 2111 thridatem
356 2068 738 2111 ostentantibus.”

136 2149 308 2204 Utique
355 2151 537 2192 societas
585 2150 858 2191 eiiciendum
903 2154 993 2200 est;
1050 2163 1140 2190 non
1186 2150 1306 2190 enim
1352 2150 1522 2190 nudum
1567 2149 1676 2191 illud

74 2229 409 2271 substantivum
438 2230 692 2285 significare
722 2235 897 2284 potest:
932 2229 1002 2283 „rb
1032 2230 1089 2271 ad
1118 2229 1385 2270 societatem
1404 2229 1676 2271 adducere.”

0 2291 12 2327 ᾗ
75 2309 239 2351 Eiecto
282 2310 434 2352 omnia
477 2311 636 2352 ordine
681 2311 959 2365 procedunt:
1010 2324 1119 2363 „nec
1153 2310 1236 2351 fuit
1269 2311 1312 2351 in
1346 2309 1518 2351 arduo”
1553 2311 1675 2352 idem

0 2370 9 2387 Ξ
76 2395 144 2432 est
177 2391 324 2445 quod:
366 2396 436 2444 „et
468 2391 599 2432 facile
632 2390 716 2432 fuit
751 2390 1031 2444 negotium.’'

136 2470 306 2512 Iterum
340 2472 394 2529 in*
418 2471 643 2513 vocabulo
672 2485 714 2525 q.
735 2485 773 2512 e.
801 2472 983 2516 societas
1011 2470 1245 2511 turbatum
1274 2471 1454 2511 videtur
1483 2470 1541 2511 A.
1572 2471 1675 2521 XII,

6 2535 9 2565 ³²
75 2561 157 2606 47:
203 2551 494 2593 Radamistus
538 2551 868 2601 Pharasmanis,
914 2551 1189 2591 Hiberorum
1234 2550 1363 2604 regis,
1410 2550 1537 2600 filius,
1574 2565 1676 2592 cum

5 2615 11 2652 ’-
77 2637 240 2686 patruo
267 2631 549 2682 Mithridate,
579 2632 903 2673 Armeniorum
922 2645 1042 2685 rege,
1062 2644 1199 2684 quem
1218 2630 1457 2671 obsidione
1476 2630 1677 2672 clausum

77 2716 217 2761 tenet,
247 2712 291 2753 in
320 2713 514 2766 gratiam
542 2726 588 2753 se
613 2713 760 2752 redire
778 2711 972 2761 simulat,
994 2724 1188 2764 cumque
1207 2724 1261 2752 eo
1280 2716 1409 2751 extra
1427 2710 1676 2761 castellum,

79 2793 202 2846 quod
237 2793 486 2843 obsidetur,
520 2793 838 2847 congreditur:
1539 2792 1541 2795 ’

129 2903 164 2948 1)
188 2905 418 2938 Praesidebat
442 2917 485 2938 ex
510 2906 650 2948 egregia
676 2905 798 2937 Haasii
821 2903 1085 2947 emendatione3
1107 2903 1227 2946 inepte
1250 2904 1286 2936 in
1309 2904 1430 2936 codice
1445 2903 1677 2947 praecellebat

77 2963 217 3008 legitur.
