2040 3412
870 292 922 337 37

154 402 248 445 Ain
291 401 425 444 vero?
460 402 532 443 Ex
565 401 752 443 haccine
784 402 885 456 lege
919 402 1087 444 multae
1121 403 1367 444 calumniae
1399 403 1440 456 (i.
1475 416 1513 443 e.
1548 402 1698 443 inson-

91 483 206 526 tium
247 481 574 536 accusationes)
618 481 934 531 nascebantur,
975 495 1147 536 eaeque
1191 482 1413 525 eiusmodi
1457 487 1507 523 ut
1551 482 1698 523 omnis

90 563 254 605 domus
295 560 661 604 subverteretur?
705 562 766 603 Et
807 567 1022 603 tamenne
1061 576 1151 603 non
1186 562 1356 603 fiebant
1390 562 1698 616 frequentiora

21 652 24 657 ’
88 643 207 685 iusta
249 642 478 684 connubia
521 647 566 683 et
605 642 901 684 educationes
933 641 1207 698 liberorum?
1241 643 1388 697 Magis
1422 643 1699 684 incredibilis

90 737 162 765 res
204 722 255 765 fit
299 723 335 764 si
380 736 483 764 cum
527 723 773 764 Furneaux
805 723 1079 777 praevalida
1110 723 1298 765 orbitate
1329 723 1392 764 sic
1426 723 1697 777 accipimus:

97 804 229 859 „quia
261 803 433 846 orbitas
465 809 644 844 tantum
677 802 896 844 afferebat
929 817 1069 857 opum
1103 803 1429 857 potentiaeque
1462 808 1512 844 ut
1540 808 1699 844 contra

92 883 216 926 illam
260 883 322 926 nil
362 883 486 938 leges
520 882 765 925 valerent”.
801 883 985 937 Ergone
1019 883 1095 937 qui
1128 896 1287 924 revera
1318 891 1460 926 sontes
1492 888 1621 924 erant
1653 888 1700 924 et

94 977 288 1020 quorum
320 963 454 1018 culpa
486 969 582 1005 erat
614 963 854 1005 manifesta
887 963 1101 1018 (coelibes
1134 963 1341 1018 orbique)
1375 965 1559 1018 impune
1588 964 1700 1005 fere-

94 1043 221 1094 bant,
265 1044 532 1085 innocentes
575 1057 684 1085 vero
728 1043 896 1098 (patres
939 1049 984 1084 et
1009 1039 1183 1098 mariti)
1216 1043 1316 1097 lege
1349 1043 1620 1084 laborabant
1653 1049 1699 1084 et

93 1137 176 1180 pro
209 1123 332 1165 orbis
363 1123 705 1177 coelibibusque
738 1124 795 1164 ad
830 1123 1045 1164 iudicium
1079 1123 1389 1173 trahebantur,
1418 1130 1464 1165 et
1492 1124 1700 1178 quamvis

91 1217 257 1246 uxores
298 1217 414 1253 suas,
459 1203 649 1244 feminas
692 1203 1045 1252 honestissimas,
1090 1209 1135 1244 et
1178 1204 1346 1245 liberos
1380 1210 1699 1254 monstrarent,

90 1290 245 1327 tamen
273 1298 430 1326 eorum
458 1284 811 1325 subvertebatur
840 1282 1029 1325 domus?
1058 1283 1308 1325 Pessimum
1335 1290 1458 1325 certe
1487 1289 1554 1325 est
1581 1284 1699 1326 dela-

92 1373 240 1408 torum
267 1378 434 1420 genus;
463 1366 498 1406 si
525 1370 680 1406 tamen
708 1364 829 1406 solos
857 1365 1125 1405 innocentes
1145 1370 1297 1405 essent
1315 1365 1527 1418 aggressi,
1546 1370 1701 1405 sontes

92 1459 203 1488 vero
246 1459 427 1500 semper
468 1445 628 1486 missos
663 1444 888 1493 fecissent,
923 1458 1045 1493 mOX‚
1080 1450 1128 1485 ut
1162 1445 1337 1498 opinor,
1372 1444 1429 1485 de
1462 1445 1515 1485 iis
1547 1450 1700 1485 actum

91 1526 249 1568 fuisset
276 1513 414 1568 etiam
444 1526 628 1568 Nerone
656 1525 727 1567 vel
755 1525 1021 1566 Domitiano
1050 1525 1317 1579 imperante.
1347 1525 1526 1566 Revera
1553 1524 1702 1566 Taciti

95 1607 342 1649 narrationi
385 1606 502 1648 hanc
543 1606 728 1648 subesse
770 1620 864 1647 rem
909 1611 1035 1660 puto,
1079 1619 1217 1660 quam
1251 1605 1324 1646 ille
1357 1611 1434 1646 aut
1468 1619 1701 1659 nunquam

96 1687 331 1744 perspexit
363 1693 440 1729 aut
468 1686 618 1741 palam
647 1686 857 1741 proloqui
885 1674 1090 1727 veretur:
1120 1687 1164 1727 in
1192 1686 1292 1740 lege
1320 1686 1460 1740 Papia
1489 1686 1703 1740 Poppaea

96 1766 309 1824 praesidii
342 1767 404 1810 nil
437 1773 547 1818 erat,
575 1768 633 1808 ad
662 1768 801 1808 iustas
829 1767 1011 1821 nuptias
1037 1780 1086 1807 se
1113 1767 1326 1821 compelli
1355 1768 1550 1808 Romani
1581 1766 1702 1808 nole-

97 1849 222 1899 bant,
266 1843 560 1904 praevalebat
603 1847 775 1888 orbitas
818 1846 864 1901 (i.
900 1860 937 1887 e.
972 1853 1067 1888 tam
1100 1852 1230 1901 grata
1263 1853 1360 1888 erat
1393 1847 1621 1901 plerisque
1653 1853 1703 1888 ut

96 1943 206 1985 prae
238 1928 313 1970 illa
345 1928 455 1970 nihil
489 1928 610 1969 aliud
643 1927 829 1969 valeret.
864 1927 990 1981 Quos
1022 1928 1079 1968 ad
1113 1941 1241 1968 suam
1274 1928 1701 1982 interpretationem

97 2010 423 2053 vocabulorum
443 2009 716 2064 praevalida
743 2008 932 2050 orbitate
954 2008 1292 2049 defendendam
1312 2008 1557 2049 Furneaux
1573 2008 1703 2049 affert

98 2090 237 2140 locos,
280 2089 367 2131 illis
407 2088 708 2130 labefactatur
751 2088 894 2142 magis
937 2102 1074 2141 quam
1111 2089 1420 2142 sustentatur).
1455 2089 1577 2142 Ergo
1611 2101 1702 2128 non

100 2170 377 2225 reipublicae
420 2169 495 2210 lex
538 2182 592 2210 ea
628 2169 844 2223 proderat
877 2168 957 2208 sed
991 2167 1292 2217 delatoribus;
1327 2167 1396 2208 his
1429 2168 1549 2208 enim
1584 2181 1703 2209 nunc

98 2251 231 2305 copia
272 2255 368 2291 erat
401 2255 447 2290 et
478 2249 667 2290 facultas
699 2254 914 2302 quaestus
947 2247 1164 2297 faciendi3
1200 2248 1359 2300 ingens
1391 2248 1510 2288 enim
1545 2248 1703 2288 aderat

100 2319 344 2372 multitudo
388 2330 586 2371 virorum
629 2342 743 2383 quos
785 2342 996 2369 accusare
1030 2333 1217 2381 possent
1252 2328 1388 2381 idque
1423 2341 1528 2368 vere
1561 2333 1606 2368 et
1640 2328 1702 2368 iu-

100 2417 238 2453 vante
266 2411 387 2465 lege:
415 2419 547 2453 erant
573 2411 693 2451 enim
722 2410 846 2450 noxii
875 2408 935 2450 illi
965 2408 1040 2449 rei.
1060 2408 1268 2448 Tandem
1287 2407 1532 2461 aliquando
1550 2412 1704 2448 tantus

100 2491 240 2533 fiebat
272 2492 316 2532 in
350 2491 460 2532 urbe
489 2496 534 2532 et
562 2491 678 2531 adeo
705 2495 806 2530 toto
834 2488 1025 2542 imperio
1055 2493 1202 2528 metus
1229 2492 1278 2528 ut
1306 2487 1403 2541 ipse
1431 2486 1704 2541 intelligeret

99 2572 309 2613 Tiberius
335 2572 398 2613 sic
427 2571 676 2626 procedere
706 2583 800 2611 rem
829 2582 920 2610 non
944 2581 1090 2622 posse.
1112 2567 1234 2620 Ergo
1254 2580 1344 2607 non
1364 2567 1706 2607 rescindebatur

99 2652 286 2707 quidem
328 2651 404 2692 lex
448 2651 587 2705 Papia
629 2651 857 2704 Poppaea,
901 2649 980 2689 sed
1015 2647 1219 2702 plerique
1260 2661 1398 2688 nexus
1431 2647 1542 2701 legis
1571 2647 1705 2688 solve-

87 2732 277 2781 bantur,
318 2745 511 2785 quorum
545 2731 787 2771 verborum
821 2728 941 2769 hunc
975 2741 1071 2768 esse
1105 2741 1287 2768 sensum
1321 2728 1502 2781 opinor:
1538 2726 1706 2768 multae

101 2812 301 2853 virorum
346 2811 675 2864 mulierumque
713 2808 1071 2856 coniunctiones,
1106 2820 1222 2861 quae
1255 2821 1346 2848 non
1379 2808 1565 2861 quidem
1599 2807 1706 2861 legi—

104 2893 243 2933 timae
285 2897 415 2933 erant
457 2904 516 2931 ex
556 2890 658 2943 lege
697 2888 835 2942 Papia
869 2887 1083 2941 Poppaea
1116 2887 1210 2936 sed,
1244 2892 1294 2928 ut
1328 2887 1414 2928 hoc
1447 2893 1560 2937 utar,
1594 2893 1706 2929 tem-

103 2972 225 3026 poris
263 2970 502 3012 intervallo
541 2970 630 3011 iam
663 2968 772 3010 satis
805 2967 1077 3008 firmamenti
1110 2973 1396 3021 acceperant,
1431 2982 1562 3017 nunc,
1596 2968 1708 3022 legis
