2040 3412
844 290 926 335 253

133 398 388 449 Britannos,
431 412 545 453 quos
589 399 785 442 Romani
827 401 1019 456 imperio
1060 416 1142 444 suo
1175 403 1396 446 subiicere
1430 405 1569 448 etiam
1603 420 1677 448 co-

0 516 1 523 ,
48 460 250 530 mantnt,
285 479 538 534 perduelles
577 493 740 522 vocare
773 482 868 522 eius
900 487 982 532 est,
1017 483 1092 537 qui
1126 484 1170 525 in
1203 484 1552 538 antiquitatibus
1586 487 1676 528 Ro-

55 542 220 619 'imanis
260 564 399 613 atque
441 560 559 601 adeo
602 561 647 601 in
689 574 897 603 sermone
932 562 1098 604 Latino
1130 562 1297 618 hospes
1328 565 1399 606 sit.
1435 565 1536 607 Iure
1569 580 1678 620 ergo

44 619 157 696 ipro
180 639 486 694 perduellibus
519 640 726 682 Halmius
755 642 950 683 coniecit
978 643 1220 694 rebellibus,
1249 645 1327 686 sed
1355 659 1437 699 pro
1461 645 1676 688 laudabili

7 718 10 719 ⁷
38 710 73 767 73
108 719 335 761 niectura
366 720 597 774 egregiam
629 721 911 763 exhibuisset
945 724 1328 775 emendationem,
1362 726 1398 767 si
1432 740 1515 781 pro
1541 728 1678 769 domi-

41 795 131 855 »ἑαῖς
147 799 451 855 perduellibus
475 800 611 842 scribi
638 801 838 844 iussisset
856 803 1123 857 perdomitis
1139 805 1382 847 rebellibus.
1413 806 1673 861 Postquam,

43 867 196 935 ssquod
227 878 359 921 facile
391 879 488 922 fieri
522 886 702 935 poterat
736 887 782 923 et
814 893 952 937 saepe
980 883 1150 925 factum
1178 890 1259 934 est,
1290 887 1568 940 praepositio
1589 895 1677 942 per

34 944 118 1009 {in
158 959 355 1002 alienam
398 961 627 1002 aberravit
669 963 840 1012 sedem,
873 963 1192 1018 perrebellibus
1224 964 1312 1021 (vel
1336 967 1674 1023 perreuellibus)

36 1040 185 1098 quin·
212 1040 258 1082 in
280 1041 586 1096 perduellibus
617 1043 830 1083 transiret
863 1043 940 1084 vix
972 1041 1296 1099 fieri'poterat.
1340 1045 1406 1087 Cf.
1442 1047 1569 1097 XIV,
1605 1048 1677 1105 602

32 1099 147 1163 :subi
174 1120 220 1162 in
248 1121 407 1162 codice
436 1121 619 1176 legitur:
650 1122 920 1175 „Eucaerus,
939 1125 1123 1165 natione
1141 1124 1496 1177 Alexandrinus,
1515 1142 1677 1170 canere

32 1200 305 1256 fipertybias
332 1202 540 1243 doctus.’'
569 1202 722 1256 Vulgo
749 1204 921 1245 editur:
955 1217 1143 1257 „canere
1172 1205 1296 1246 tibiis
1324 1207 1529 1258 doctus'’‚
1559 1223 1676 1262 quae

69 1285 140 1324 est
179 1281 442 1330 emendatio
484 1283 734 1325 admodum
777 1267 941 1332 auden-c.
984 1283 1082 1326 Aut
1115 1299 1187 1326 me
1221 1285 1380 1328 fallunt
1414 1289 1567 1330 omnia
1598 1295 1676 1331 aut

31 1386 38 1421 ς
61 1359 314 1415 ‘legendum
347 1367 438 1404 est:
473 1377 629 1405 canere
660 1364 781 1406 tibiis
804 1365 1056 1419 perdoctus.

41 1580 43 1582 Ι
128 1519 189 1563 A.
223 1521 353 1573 XIV,
389 1531 457 1576 52.
504 1523 688 1564 Mortuo
728 1524 868 1565 Burro
901 1526 1110 1567 certatim
1144 1527 1220 1580 qui
1254 1528 1299 1568 in
1333 1529 1565 1583 republica
1598 1531 1674 1572 de-

26 1611 42 1662 ἰ
68 1601 258 1643 teriores
291 1607 421 1644 erant
453 1601 678 1644 Senecam
711 1604 937 1645 criminari
970 1605 1215 1662 incipiunt5
1253 1610 1558 1662 arrogantiam
1592 1611 1673 1652 im-

24 1682 415 1737 ,potentiamque
465 1683 559 1724 eius
607 1684 938 1739 perstringunt3
987 1686 1074 1727 hoc
1124 1701 1231 1741 prae
1274 1689 1436 1730 ceteris
1478 1690 1519 1731 ei
1561 1691 1674 1732 vitio

33 1745 180 1804 4⁴th
212 1763 336 1816 quod
370 1763 574 1805 omnium
608 1778 771 1814 rerum,
810 1765 975 1818 quibus
1008 1765 1261 1808 delectetur
1295 1768 1432 1819 Nero,
1465 1783 1674 1812 severum

66 1846 173 1896 agat
205 1855 466 1885 censorem:

31 1906 37 1919 ³
131 1921 276 1976 „Nam
319 1923 671 1972 oblectamentis
713 1925 931 1980 principis
975 1927 1126 1981 palam
1169 1929 1374 1983 iniquum
1417 1931 1672 1973 detrectare

31 1998 33 2000 ’
68 2002 160 2044 vim
203 2003 300 2045 eius
332 2017 476 2058 equos
510 2006 721 2059 regentis,
756 2005 946 2048 illudere
980 2021 1115 2049 voces
1149 2008 1330 2063 (rectius
1365 2010 1569 2052 Muretus
1600 2026 1672 2053 vo-

21 2070 34 2090 *
66 2083 170 2138 cem)
217 2084 430 2138 quotiens
473 2091 671 2127 caneret.
722 2085 871 2140 Quem
915 2088 972 2128 ad
1016 2087 1152 2129 finem
1198 2089 1307 2130 nihil
1352 2090 1396 2131 in
1440 2091 1673 2145 republica

34 2211 42 2216 .
64 2162 237 2205 clarum
268 2163 377 2215 fore,
412 2166 536 2219 quod
571 2180 662 2207 non
694 2167 752 2208 ab
787 2166 863 2208 illo
897 2168 1083 2222 reperiri
1117 2166 1383 2211 credatur?”

32 2235 34 2237 ’
126 2243 346 2299 Quamvis
393 2245 559 2287 fuerint
606 2260 733 2288 acres
779 2247 825 2288 hi
875 2247 1078 2290 Senecae
1126 2249 1471 2304 vituperatores,
1515 2257 1668 2293 tamen

64 2325 280 2367 credibile
323 2339 415 2367 non
461 2332 528 2367 est
571 2333 746 2368 tantam
791 2327 890 2369 illos
933 2329 973 2369 ei
1012 2328 1232 2370 obiecisse
1266 2331 1586 2385 arrogantiam,
1620 2338 1670 2373 ut

8 2386 27 2425 ’ἑ
63 2411 270 2459 repertor
295 2412 434 2460 atque
461 2409 674 2449 inventor
699 2408 842 2449 videri
867 2408 1004 2450 vellet
1029 2410 1231 2451 omnium
1252 2411 1472 2452 bonarum
1491 2413 1669 2461 artium,

64 2485 228 2539 quibus
253 2486 350 2528 sine
378 2487 526 2529 famae
552 2502 659 2530 suae
688 2489 966 2530 detrimento
994 2503 1181 2543 operam
1210 2491 1318 2532 dare
1346 2497 1501 2545 posset
1531 2492 1668 2541 Nero.

16 2570 20 2590 ³
65 2563 146 2608 Sat
176 2579 315 2620 grave
348 2567 437 2608 iam
471 2573 540 2609 est
572 2569 696 2622 quod
730 2569 866 2623 paulo
899 2575 1005 2609 ante
1040 2568 1241 2611 Senecae
1270 2570 1512 2612 obiiciunt:
1552 2572 1669 2624 „elo-

20 2640 27 2658 ⁸
64 2646 277 2700 quentiae
306 2646 488 2688 laudem
516 2649 593 2689 uni
625 2648 710 2689 sibi
744 2649 963 2689 asciscere
997 2654 1043 2689 et
1076 2649 1276 2690 carmina
1308 2650 1508 2692 crebrius
1541 2651 1667 2692 facti-

23 2739 27 2762 ῑ
62 2730 173 2779 tare,
212 2732 455 2781 postquam
491 2728 662 2769 Neroni
696 2741 824 2769 amor
856 2741 1013 2768 eorum
1048 2728 1287 2778 venisset”,
1321 2735 1368 2770 et
1401 2744 1538 2784 quam
1571 2730 1667 2772 lon·

29 2820 33 2845 2
62 2818 169 2860 gum
201 2806 319 2847 inter
351 2806 438 2848 hoc
465 2808 636 2848 crimen
667 2813 713 2848 et
742 2807 849 2848 illud
876 2815 1079 2861 repertae
1106 2807 1394 2861 eloquentiae
1423 2811 1664 2865 poesisque

23 2868 40 2942 .’
62 2885 120 2926 sit
162 2886 449 2927 intervallum
493 2889 685 2941 quisque
728 2889 868 2928 videt.
915 2886 1036 2940 Quid
1070 2889 1208 2940 quod,
1252 2890 1287 2929 si
1321 2895 1473 2931 tamen
1508 2897 1664 2932 nostro

20 2990 35 3016 χ
61 2963 163 3007 loco
195 2965 418 3007 eiusmodi
451 2967 668 3008 voluisset
700 2968 869 3021 aliquid
904 2966 1103 3015 Tacitus,
1142 2981 1232 3008 non
1267 2972 1518 3023 praesentis
1550 2976 1665 3012 tem-
