2040 3412
1081 297 1183 356 '146

403 418 518 471 „Cur
550 419 816 462 abstinuerit
849 423 1108 476 spectaculo
1141 424 1237 478 ipse
1270 425 1392 466 varie
1424 426 1667 469 tradebant
1694 427 1753 483 ¹)”

340 497 534 540 clamare
575 499 620 541 in
665 507 879 556 promptu
921 508 1008 544 est:
1057 509 1142 557 „at‚
1186 518 1213 545 o
1256 504 1389 555 bone,
1434 506 1565 547 nobis
1596 507 1659 548 nil
1690 521 1805 563 opus
1834 495 1983 558 istis}

338 580 466 621 varie
507 580 784 623 trahentibus
825 582 897 623 vel
939 584 1233 626 tradentibus:
1278 585 1374 639 ipse
1416 587 1537 628 enim
1579 587 1710 630 nobis
1749 602 1932 635 causam
1970 595 1974 601 ’“

338 660 604 713 suppeditas
644 661 880 703 idoneam:
924 663 959 704 si
1002 663 1079 705 filii
1120 664 1434 707 crudelitatem
1468 667 1725 721 vituperare
1756 668 1941 712 solebat*
1977 687 2003 723 χ,

339 737 559 789 Tiberius,
593 739 713 782 haud
742 741 878 783 dubie
907 742 1038 784 nobis
1065 743 1171 785 inde
1199 744 1376 786 efficere
1403 745 1509 787 licet
1536 746 1684 801 ipsum
1711 742 1933 791 eiusmodi
1978 729 2006 765 J,

338 820 597 873 spectacula
624 821 668 862 in
697 821 869 863 deliciis
896 836 987 863 non
1015 823 1239 874 habuisse,
1268 829 1314 866 et
1337 838 1613 880 quamquam
1634 827 1767 881 aequi
1788 821 1945 871 fuerat'·

338 900 569 955 scriptoris
601 901 717 943 hanc
749 916 932 961 quoque
964 917 1146 946 causam
1168 905 1358 964 'disertis
1391 906 1589 960 proferre
1617 907 1780 959 verbis,
1806 915 1937 952 tuum
1977 968 1980 970 .

337 986 492 1022 tamen
544 981 826 1035 „silentium”
869 984 1098 1026 molestias
1140 985 1270 1026 nobis
1314 999 1404 1027 non
1447 986 1646 1037 exhibet,
1669 984 1796 1042 'qnia
1835 980 1939 1033 tam
1978 1020 1980 1022 ψ

338 1060 515 1102 facilem
543 1062 674 1104 nobis
691 1063 979 1106 coniectandi
996 1051 1234 1107 reddidisti
1252 1066 1488 1108 rationem.
1507 1066 1763 1110 Audiamus
1777 1062 1934 1111 tamen
1973 1087 2009 1130 <44

339 1154 455 1194 quae
502 1141 560 1183 ab
606 1143 867 1185 auctoribus
908 1144 997 1185 tuis
1038 1144 1344 1199 proferantur:
1396 1146 1494 1199 „alii
1535 1147 1689 1190 taedio
1732 1142 1933 1191 coetus''.
1994 1132 2009 1139 Ι

338 1221 511 1264 Idonea
552 1223 757 1276 profecto
800 1237 946 1274 causa,
990 1238 1213 1279 quaeque,
1251 1225 1357 1267 licet
1389 1240 1549 1280 parum
1580 1227 1639 1268 sit
1670 1227 1933 1279 honorifica,
1964 1220 1966 1222 V

337 1301 458 1342 nulla
500 1307 654 1343 tamen
697 1303 931 1345 Tiberium
972 1304 1110 1346 afficit
1152 1304 1440 1347 contumelia.
1489 1305 1712 1360 „Quidam
1751 1301 1978 1351 tristitia*

337 1381 505 1435 ingenii
538 1388 740 1436 ettmetu
774 1385 1141 1439 comparationis,
1175 1386 1280 1439 quia
1314 1385 1548 1439 Augustus
1581 1387 1772 1428 comiter
1797 1387 1933 1430 inter·
1984 1394 2010 1443 :J

337 1461 536 1504 fuisset.”
565 1462 666 1504 Hoc
694 1477 877 1518 quoque
906 1464 1152 1506 humanum
1179 1471 1261 1515 est,
1290 1479 1438 1520 neque
1467 1466 1578 1508 vitio
1605 1472 1782 1509 vertere
1798 1463 1938 1510 ‘alicui'
1979 1467 1998 1530 ιξζ

336 1540 532 1584 solemu's
558 1544 593 1584 si
620 1557 702 1598 pro
730 1558 777 1585 re
806 1550 912 1590 nata
939 1545 1115 1587 vultum
1143 1551 1317 1587 mutare
1346 1560 1437 1588 non
1466 1552 1632 1601 potest.
1661 1546 1788 1602 Quid»
1807 1546 1931 1603 quod
1978 1594 1980 1596 ,

336 1621 476 1663 semel
508 1623 565 1664 de
597 1622 782 1665 Tiberio
810 1623 1078 1666 clementius
1104 1626 1301 1668 iudicare
1331 1627 1499 1681 paratis
1524 1626 1643 1668 ultro
1669 1626 1932 1671 facultatem
1978 1613 2009 1690 »J

336 1703 528 1756 praebes
560 1717 584 1744 e
615 1704 766 1746 verbis
797 1705 898 1754 tuis,
932 1706 1140 1759 quamvis
1172 1706 1418 1756 malevolis,
1453 1707 1630 1749 efficere
1661 1707 1931 1762 asanguine

336 1788 382 1824 et
413 1784 602 1825 saevitia
633 1789 741 1826 tunc
774 1790 895 1826 certe
927 1785 1160 1827 Tiberium
1192 1785 1491 1828 abhorruisse.
1519 1785 1655 1841 Quod
1683 1799 1792 1836 vero
1814 1768 1938 1831 'haee
1979 1773 2000 1849 fi

336 1876 518 1917 quoque
576 1863 735 1905 refers:
801 1865 882 1917 „ad
937 1866 1258 1907 ostentandam
1306 1867 1542 1908 saevitiam
1590 1858 1936 1923 movendasque

336 1942 491 1996 populi
536 1942 808 1997 offensiones
851 1958 1112 1986 concessam
1155 1945 1248 1986 filio
1291 1945 1556 1987 materiem''
1588 1942 1727 1988 bilem
1759 1945 1938 1998 moves,

334 2020 441 2062 licet
482 2021 594 2063 haec
637 2023 921 2077 praemiseris
955 2023 1198 2068 vocabula:
1238 2039 1354 2078 „non
1388 2021 1702 2067 crediderim”.
1737 2020 1931 2069 Subiicis
1968 2030 2004 2087 JJ

335 2103 479 2143 enim:
534 2117 835 2157 „quamquam
883 2104 927 2145 id
975 2118 1157 2158 quoque
1205 2105 1378 2146 dictum
1419 2104 1540 2156 est’';
1585 2106 1656 2147 his
1695 2099 1929 2151 vocabulis

333 2187 481 2223 totum
514 2182 685 2225 claudis
711 2183 875 2234 locum,
904 2190 1043 2239 atque
1069 2186 1132 2226 sic
1161 2185 1206 2226 in
1233 2185 1669 2239 legentium-animis
1694 2185 1740 2227 τὸ
1765 2184 1930 2238 κέντρόν
1984 2192 2007 2255 ‚ff

332 2261 678 2312 ἐγκατκλείπεις.
710 2263 823 2306 Cum
852 2278 1012 2306 causae
1040 2266 1246 2315 idoneae,
1272 2264 1513 2319 simplices,
1531 2260 1796 2308 verisimiles
1810 2258 1935 2318 aliae'

382 2416 415 2460 1)
441 2417 498 2449 Sic
524 2417 616 2449 enim
638 2417 826 2459 legendum
847 2428 973 2449 censeo
995 2428 1058 2460 pro
1080 2418 1179 2449 varie
1201 2417 1400 2449 trahebant.
1422 2417 1512 2450 Nam
1532 2428 1637 2461 saepe
1658 2417 1801 2460 quidem
1819 2418 1934 2455 verbu
1978 2427 2002 2464 ,ζ

328 2475 496 2506 trahendi
519 2475 659 2506 additur
681 2475 826 2517 aliquod
850 2476 1116 2518 substantivum,
1141 2475 1237 2517 quod
1260 2475 1541 2517 reprehensionis
1567 2475 1638 2507 vim
1661 2466 1801 2519 habeat,
1826 2471 1924 2523 prae-

327 2532 431 2564 missa
464 2532 726 2575 praepositione
759 2533 809 2564 ad
838 2533 895 2565 vel
928 2533 965 2564 in
1000 2543 1030 2564 c.
1064 2533 1273 2575 accusativo,
1307 2532 1351 2564 ad
1383 2532 1650 2574 significandum
1674 2532 1828 2582 aliquam
1851 2534 1926 2566 ‘reni

327 2589 530 2632 improbari,
555 2600 585 2622 e.
607 2600 637 2621 c.

400 2648 442 2679 A.
469 2648 497 2691 I,
524 2647 582 2690 62,
596 2655 615 2688 3
642 2651 766 2679 cuncta
791 2647 988 2680 Germanici
1013 2648 1052 2680 in
1078 2647 1231 2680 deterius
1257 2647 1417 2680 trahenti

431 2706 496 2748 ΠΙ,
525 2705 616 2748 22,6
644 2705 787 2748 quidam
813 2706 862 2737 ad
883 2706 1066 2738 saevitiam
1093 2705 1282 2737 trahebant

433 2764 495 2806 IV,
522 2763 580 2806 64,
597 2771 610 2794 1
641 2762 782 2795 fortuita
806 2764 856 2795 ad
877 2764 1014 2806 culpam
1042 2764 1222 2795 trahentes

374 2820 421 2851 H.
448 2821 495 2863 11,
522 2829 579 2863 20,
597 2829 610 2852 1
640 2825 799 2852 ornatum
825 2821 934 2863 ipsius
961 2822 998 2853 in
1023 2821 1220 2864 superbiam
1251 2820 1449 2852 trahebant.
1973 2862 1982 2870 >

327 2876 458 2908 Ideone
491 2877 595 2909 etiam
627 2878 727 2913 varie
759 2879 900 2910 trahere
932 2879 1053 2911 licebit
1086 2878 1200 2910 dicere
1233 2882 1338 2920 atque
1367 2877 1450 2908 inde
1476 2877 1688 2920 suspendere
1713 2877 1922 2922 sententiam
1956 2879 1963 2885 ”

327 2934 630 2976 intel-rogativam?
664 2935 761 2966 Non*
778 2936 915 2977 opinor.
944 2936 1012 2969 Sed
1039 2946 1092 2967 res
1118 2935 1220 2968 nobis
1246 2940 1298 2966 est
1323 2945 1400 2966 cum
1426 2934 1467 2965 iis
1494 2936 1596 2967 rebus
1620 2946 1707 2978 quas
1732 2935 1822 2980 fama
1847 2930 1907 2968 tra

328 2992 428 3023 debat
454 2996 488 3023 et
514 3003 628 3024 rumor
652 2993 844 3025 hominum.
1896 2995 1902 2999 ⁸
