2040 3412
847 279 904 323 79

8 369 30 402 ’Ξῖ
77 385 187 429 dum
219 390 310 427 est:
350 385 553 443 „Laxatin
573 386 756 427 ordines
788 386 1142 442 abrumpuntur3
1179 393 1261 430 nec
1290 390 1465 431 restitui
1493 390 1679 444 quivere

74 464 431 520 impedientibus
463 464 681 506 vehiculis
714 467 1059 521 tormentisque.
1094 468 1178 509 Per
1211 468 1403 510 limitem
1431 470 1531 512 viae
1559 484 1682 525 spar-

33 544 37 549 ’
75 550 244 601 guntur
283 545 575 587 festinatione
618 547 912 588 consectandi
957 547 1196 589 victores'’.
1239 549 1372 590 Nunc
1409 565 1553 605 agger
1584 552 1684 592 viae

76 624 128 667 fit
168 625 267 680 ipsa
309 625 395 676 via,
434 639 550 679 quae
585 625 834 667 rectissime
867 626 930 667 sic
963 627 1233 681 appellatur,
1267 630 1483 682 quoniam
1517 631 1603 680 via,
1638 631 1682 672 in

75 704 266 761 planitie
297 710 542 755 exstructa,
577 719 736 747 revera
766 720 908 760 agger
940 712 1022 747 est.
1057 707 1118 747 Et
1151 707 1276 749 limes
1307 709 1406 750 viae
1433 710 1683 751 adiacentis

75 785 172 840 agri
197 798 353 840 margo
379 786 565 840 quidam
591 791 672 835 est,
699 799 848 840 neque
872 791 1028 827 tamen
1055 788 1188 828 nimis
1213 795 1442 842 angustuS,
1467 791 1682 843 quoniam

28 852 38 876 '⁷
76 878 158 921 per
189 879 294 907 eum
325 874 608 922 sparguntur
642 866 849 907 Flaviani
883 867 1063 909 milites.
1097 867 1158 909 Et
1191 869 1300 922 quid
1335 868 1506 911 facturn
1534 884 1683 911 narra-

75 944 176 988 tur?
209 946 313 989 Non
346 947 492 988 solum
527 947 760 989 Vitelliani
789 948 972 989 ordines
998 962 1103 989 suos
1132 950 1368 991 restituere
1394 951 1683 992 obstantibus

76 1026 296 1070 vehiculis
327 1029 659 1082 tormentisque
694 1042 784 1069 non
814 1034 1016 1082 possunt,
1046 1029 1126 1070 sed
1155 1030 1317 1071 eadem
1346 1030 1420 1071 illa
1448 1031 1682 1072 obstacula

76 1109 320 1164 quominus
360 1109 567 1150 Flaviani
609 1110 795 1164 propius
818 1094 1054 1151 accedant
1086 1116 1133 1151 et
1166 1125 1325 1152 manus
1357 1125 1460 1152 cum
1493 1112 1545 1153 iis
1578 1126 1684 1153 con-

75 1195 229 1231 serant
275 1189 556 1245 impediunt:
607 1189 652 1231 hi
697 1204 805 1245 ergo
850 1191 906 1232 de
950 1191 1049 1232 viae
1093 1204 1258 1245 aggere
1302 1192 1560 1242 decurrunt,
1605 1207 1685 1247 per

75 1269 363 1312 adiacentem
400 1259 622 1324 *campum
673 1270 867 1312 volitant
910 1277 956 1312 et
999 1271 1087 1312 alio
1129 1272 1231 1313 loco
1276 1273 1426 1315 denuo
1469 1287 1682 1328 aggerem

75 1349 176 1392 viae
219 1351 547 1400 conscendunt,
591 1351 685 1400 sed,
731 1356 779 1392 ut
821 1350 884 1401 fit,
931 1352 1039 1392 dum
1081 1366 1216 1393 nemo
1250 1366 1526 1407 quemquam
1562 1367 1684 1394 com·

77 1429 332 1472 militonem
375 1436 482 1472 ante
523 1444 571 1472 se
612 1432 796 1485 patitur,
830 1445 921 1472 non
956 1432 1083 1473 iuxta
1117 1433 1237 1474 viam
1270 1438 1454 1474 currunt
1488 1434 1568 1474 sed
1603 1447 1683 1488 per

74 1510 266 1553 limitem
299 1511 425 1553 illum
458 1517 743 1566 sparguntur.

137 1590 195 1633 H.
230 1592 312 1642 ΙΙΙ,
347 1603 415 1647 29.
461 1593 565 1647 „(In·
596 1592 822 1634 Cremona
855 1594 1181 1648 oppugnanda)
1217 1594 1486 1635 acerrimum
1519 1595 1682 1636 tertiae

75 1671 389 1727 septimaeque
432 1672 663 1727 legionum
706 1679 961 1724 certamem
997 1679 1043 1715 et
1078 1675 1172 1715 dux
1205 1674 1437 1716 Antonius
1470 1689 1571 1716 curn
1606 1676 1682 1717 de-

12 1776 20 1782 .
72 1751 203 1801 lectis
233 1753 525 1795 auxiliaribus
558 1755 723 1795 eodem
751 1754 1033 1796 incubuerat.
1063 1753 1331 1796 Obstinatos
1359 1756 1476 1796 inter
1503 1769 1551 1796 se
1580 1769 1682 1797 cum

10 1822 11 1826 ¹
73 1834 294 1876 sustinere
328 1834 563 1876 Vitelliani
598 1835 839 1889 nequirent
872 1849 910 1876 e.
945 1849 988 1889 q.
1022 1834 1100 1876 s.”.

133 1912 334 1968 Quaerat
365 1913 554 1956 fortasse
588 1915 813 1969 quispiam
847 1915 1083 1957 obstinatos
1115 1916 1231 1957 inter
1264 1930 1309 1957 se
1337 1916 1446 1970 quid
1476 1917 1551 1967 sit;
1584 1917 1682 1971 ipsa

72 1995 271 2036 narratio
303 2001 514 2037 accurate
546 1994 665 2037 lecta
698 1995 807 2037 illud
842 1996 1051 2037 docebit:
1087 1996 1131 2037 in
1166 1998 1529 2038 conscendendis
1559 2011 1680 2038 moe-

73 2074 205 2116 nibus
246 2074 449 2130 legiones
491 2075 731 2117 certabant
773 2076 890 2116 inter
927 2089 987 2125 se,
1023 2076 1194 2116 etenim
1227 2075 1459 2118 Antonius
1492 2077 1546 2129 (c.
1582 2078 1677 2131 27):

77 2145 271 2210 „vallum
297 2161 543 2210 portasque
568 2156 824 2210 legionibus
848 2156 1069 2205 attribuit,
1097 2162 1144 2197 ut
1161 2157 1380 2198 discretus
1396 2156 1522 2199 labor
1539 2157 1677 2198 fortes

12 2216 29 2277 ms}
71 2234 351 2290 ignavosque
384 2235 726 2290 distingueret”.
756 2237 867 2277 Erat
896 2250 1003 2290 ergo
1031 2236 1234 2276 omnium
1263 2236 1380 2277 inter
1407 2250 1455 2277 se
1485 2237 1677 2278 militum

14 2359 28 2383 .
71 2321 316 2366 certamen,
359 2317 403 2358 in
442 2330 532 2370 quo
567 2330 702 2357 nemo
735 2316 947 2369 cuiquam
981 2316 1143 2356 cedere
1177 2315 1375 2356 volebat.
1410 2316 1476 2357 Cf.
1512 2317 1593 2366 IV,
1630 2330 1678 2370 3:

22 2392 28 2454 J
71 2396 356 2438 discordibus
411 2397 759 2451 municipiorum
808 2396 969 2437 animis
1012 2396 1155 2449 magis
1197 2396 1313 2437 inter
1353 2404 1496 2446 semet,
1541 2410 1678 2451 quam

0 2472 26 2527 ’ῑῗ
71 2478 359 2519 contumacia
390 2478 607 2519 adversus
640 2478 910 2532 principem.

131 2557 190 2598 H.
224 2557 282 2607 V,
317 2567 387 2611 25.
430 2559 527 2599 Iam
570 2558 770 2599 Batavos
813 2556 918 2598 belli
959 2556 1136 2606 taedet;
1178 2556 1268 2596 iarn
1309 2556 1419 2597 nihil
1461 2558 1675 2599 diuturno

70 2636 325 2691 profectum
358 2637 478 2679 bello
511 2643 779 2692 queruntur3
815 2636 1031 2690 quoniam
1060 2636 1118 2677 ad
1146 2636 1387 2690 imperium
1415 2639 1674 2691 pervenerit

71 2716 392 2771 Vespasianus,
421 2718 577 2771 inepte
603 2717 802 2758 simulari
831 2729 913 2770 pro
942 2714 1018 2756 illo
1043 2714 1211 2756 bellum
1237 2730 1263 2756 a
1287 2729 1334 2757 se
1352 2717 1466 2770 geri;
1488 2717 1673 2758 minime

69 2809 167 2838 esse
192 2797 504 2839 Romanorum
529 2797 815 2838 intolerabile
839 2796 1093 2849 imperium.
1121 2794 1382 2849 Sequuntur
1404 2797 1516 2838 haec
1534 2798 1674 2851 ipsius

70 2875 217 2918 Taciti
258 2877 420 2918 verba:
467 2878 742 2925 ..Honestius
783 2876 1010 2930 principes
1050 2875 1360 2917 Romanorum
1393 2891 1531 2931 quam
1565 2877 1673 2919 Ger-

33 2994 37 2997 .
71 2954 307 2998 manorum
349 2955 539 2998 feminas
572 2958 767 2999 tolerari.
804 2957 930 2997 Haec
964 2954 1145 3008 vulgus;
1181 2970 1391 3009 proceres
1423 2959 1670 2998 atrociora:

20 3326 42 3412 ,πῖ-ΒΜ,
26 3272 47 3315 ὴμ-
