2040 3412
79 245 146 307 x<

67 309 124 347 ᾗῗξζ
147 310 148 313 ’
890 307 966 352 151

67 431 106 485 ff
124 420 322 478 ,posthac
355 418 644 462 historiarum
677 412 923 474 scriptores
954 432 1135 474 semper
1167 419 1212 460 et
1244 418 1414 472 ubique
1442 416 1540 459 illas
1562 416 1736 457 addant

72 484 267 546 ‘fatiam
309 513 414 543 cum
452 500 510 542 de
543 498 788 554 praeclaris
820 498 1056 541 hominum
1091 498 1334 541 virtutibus
1368 494 1578 539 narrant?
1612 494 1738 537 Nihil

63 566 248 646 emm
280 587 376 624 tam
408 586 583 623 rectum
617 580 937 635 sincerumque
972 585 1039 622 est
1072 580 1196 635 quod
1226 593 1317 621 non
1345 578 1430 620 hac
1457 577 1632 619 ratione
1661 576 1737 617 de-

60 648 329 727 }*’·'}*,torqueri
362 661 696 718 depravarique
730 661 888 716 possit.

132 769 149 785 -,
191 742 252 787 A.
285 742 369 793 III,
400 753 474 795 44.
505 741 701 783 Romam
729 754 833 782 cum
861 741 1047 782 nuntius
1074 741 1132 782 de
1159 740 1451 782 Trevirorum
1479 743 1525 780 et
1552 738 1740 780 Aeduo—

59 813 243 872 rum
278 822 536 880 defectione
585 825 730 862 esset·
753 819 930 871 allatus,
975 820 1223 881 vehemens
1263 819 1522 861 sollicitudo
1563 817 1740 860 animos

130 904 390 960 occupavit,
423 916 542 953 nam,
569 907 628 944 ’ut
659 902 757 957 ipse
789 902 975 943 Tacitus
1007 902 1093 943 ait:
1133 906 1336 955 „cuncta‚
1370 906 1419 942 ut
1453 913 1551 942 mos
1578 899 1739 949 famae,

60 996 80 1034 ’,ἰ
132 986 181 1031 in
212 985 357 1028 maius
388 982 608 1026 credita.''
640 982 855 1037 Sequitur
886 982 995 1024 hoc:
1273 978 1275 982 ’

56 1047 113 1089 ³¹
199 1065 440 1122 „Optimus
476 1064 667 1119 quisque
701 1063 764 1105 rei
797 1062 1007 1118 publicae
1040 1062 1148 1104 c'ura
1180 1061 1436 1112 maerebat3
1471 1060 1600 1102 multi
1634 1060 1742 1102 odio

135 1145 443 1203 praesentium
496 1149 543 1186 et
591 1144 805 1198 cupidine
852 1143 1117 1185 mutationis
1164 1143 1254 1184 suis
1300 1155 1484 1196 quoque
1533 1139 1743 1195 periculis

133 1226 423 1271 laetabantur
464 1224 854 1280 increpabantque
899 1223 1146 1273 Tiberium,
1190 1222 1313 1277 quod
1352 1222 1396 1263 in
1429 1227 1561 1263 tanto
1594 1235 1742 1262 rerum

62 1293 91 1370 32⁴³
134 1313 264 1353 motu
296 1306 460 1349 libellis
493 1310 809 1348 accusatorum
843 1305 1090 1346 insumeret
1118 1317 1319 1358 operam.
1350 1302 1426 1344 An
1455 1301 1743 1344 Sacrovirum

62 1371 81 1413 ’ἷ-
137 1375 387 1431 maiestatis
434 1386 621 1428 crimine
667 1399 793 1427 reum
836 1385 880 1426 in
924 1390 1084 1426 senatu
1128 1382 1251 1426 fore?
1294 1383 1514 1425 Extitisse
1556 1382 1744 1424 tandem

137 1469 271 1520 viros,
299 1468 378 1523 qui
405 1472 616 1509 cruentas
643 1465 860 1521 epistolas
888 1466 1024 1507 armis
1050 1465 1331 1507 cohiberent.
1352 1464 1566 1505 Miseram
1584 1476 1745 1518 pacem

51 1545 101 1612 fif„
140 1548 213 1593 vel
245 1548 367 1592 bello
400 1548 518 1590 bene
551 1546 759 1589 mutari.”

71 1684 74 1686 q
201 1616 273 1672 De
309 1627 503 1684 epistolis
534 1626 608 1669 hic
641 1627 846 1682 legimus,
880 1627 925 1668 in
959 1605 1339 1681 praecefientibus
1373 1626 1428 1680 (cr
1465 1625 1534 1679 38)
1568 1625 1625 1666 de
1659 1638 1748 1667 una

71 1717 82 1768 sss
141 1709 464 1773 tantummodo
497 1707 691 1763 epistola
723 1695 955 1749 narratum
983 1707 1138 1756 est,„in
1167 1720 1304 1760 quam
1332 1706 1609 1748 adiectivum
1637 1704 1747 1745 illud

46 1788 352 1856 J--chuentus
382 1795 614 1844 utcunque
648 1789 905 1831 conveniat.
939 1787 985 1830 Si
1019 1787 1170 1843 plures
1197 1788 1419 1829 eiusmodi
1448 1788 1536 1828 iam
1570 1786 1750 1827 fuerunt

66 1881 77 1888 '
141 1872 358 1916 recitatae
390 1872 436 1913 in
463 1876 638 1921 senatu,
668 1869 826 1924 quidni
853 1883 930 1910 eas
957 1868 1144 1910 Tacitus
1172 1866 1483 1909 enumeravit?
1512 1867 1752 1908 Praeterea

93 1981 99 2002 r
141 1953 220 2009 qui
253 1966 456 1995 rumores
487 1951 587 1993 illos
618 1955 853 2006 spargunt,
890 1949 1053 1991 mirum
1086 1948 1131 1990 in
1166 1949 1354 1990 modum
1386 1948 1471 2002 ipsi
1505 1947 1589 1988 sibi
1624 1946 1751 1988 oblo-

53 2028 96 2076 J
143 2034 366 2089 quuntur':
394 2033 590 2087 primum
619 2031 741 2073 enim
769 2035 1109 2085 conqueruntur
1137 2029 1261 2084 quod
1291 2043 1409 2070 nunc
1437 2028 1599 2069 libellis
1620 2041 1749 2069 accu-

143 2119 346 2156 satorum
387 2118 522 2155 vacet
563 2112 788 2161 Tiberius,
833 2111 1000 2153 deinde
1044 2096 1244 2152 addunt:
1288 2123 1433 2162 „nunc
1465 2108 1639 2150 inventi
1673 2108 1752 2148 ho-

145 2182 304 2245 mineS,
347 2193 424 2248 qui
467 2193 593 2248 (alias
635 2192 822 2233 Tiberio
864 2191 1138 2246 praebentes
1180 2188 1520 2244 occupationes)
1554 2188 1752 2229 cruentis

71 2283 82 2320 ζ
144 2273 242 2316 istis
268 2273 473 2329 epistolis
501 2273 741 2327 imponant
769 2271 952 2313 finem.”
981 2271 1050 2312 Ita
1078 2271 1214 2320 enim,
1242 2271 1350 2311 dum
1378 2283 1588 2311 accusare
1617 2269 1751 2310 Tibe-

68 2413 77 2418 „
147 2354 262 2396 rium
293 2354 380 2396 sibi
411 2353 640 2403 videntur,
672 2352 791 2394 ultro
825 2365 928 2393 eum
961 2351 1172 2393 laudant:
1202 2355 1454 2405 agnoscunt
1484 2350 1604 2390 enim
1634 2363 1752 2398 eum,

146 2435 183 2477 si
215 2448 374 2476 revera
406 2433 656 2489 periculum
686 2434 878 2487 ingruat,
907 2431 1184 2486 reipublicae
1213 2444 1304 2472 non
1333 2430 1606 2471 defuturum.
1634 2430 1753 2471 Nam

78 2510 81 2513 Δ
149 2515 398 2571 οεῙιιοῐῐιίηυεν
433 2515 496 2556 sic
530 2514 682 2555 locum
710 2513 992 2574 ‘accipiamus
1026 2517 1074 2552 ut
1106 2511 1352 2553 cohiberent
1384 2511 1506 2551 idem
1540 2510 1596 2551 sit
1629 2511 1753 2565 quod

78 2591 98 2595 ”
143 2595 344 2638 'cohibere
369 2595 583 2644 deberent,
614 2594 799 2635 obstant
828 2591 1051 2634 vocabula
1067 2592 1234 2634 inventi
1249 2585 1437 2633 tandem.
1458 2591 1667 2645 Denique
1685 2605 1756 2632 res

150 2689 206 2718 eo
233 2676 351 2718 redit
379 2681 428 2717 ut
453 2689 536 2730 pro
554 2680 680 2716 certo
699 2674 922 2715 affirmare
941 2672 1072 2714 nobis
1090 2672 1225 2713 liceat
1243 2671 1389 2713 nullos
1407 2672 1629 2713 eiusmodi
1647 2677 1756 2713 tunc

0 2807 1 2814 ἵ
61 2746 89 2814 ’
149 2756 284 2799 fuisse
311 2755 436 2811 vulgi
463 2756 520 2798 de
548 2755 734 2797 Tiberio
763 2767 978 2802 rumores,
1007 2753 1087 2794 sed
1116 2753 1281 2807 cupide
1310 2752 1598 2807 maligneque
1626 2766 1704 2793 eos
1731 2767 1759 2794 a

151 2837 313 2880 Tacito
346 2838 571 2879 inventos.
604 2835 861 2878 Domitiano
894 2834 1147 2889 imperante
1181 2834 1315 2875 fuisse
1349 2834 1426 2888 qui
1459 2834 1535 2884 ita,
1566 2839 1769 2879 externo,

152 2917 327 2960 oriente
353 2917 489 2968 bello,
518 2917 589 2958 vel
618 2916 912 2970 loquerentur
939 2914 1011 2956 vel
1029 2915 1156 2956 taciti
1173 2928 1327 2956 secum
1345 2919 1597 2964 censerent,
1616 2915 1758 2956 credi-

68 2987 89 3056 33
153 2997 244 3040 bile
272 3003 354 3039 est.
384 2997 474 3040 Sed
503 2997 739 3038 videamus
766 3008 883 3049 quae
911 2995 968 3035 de
996 2994 1095 3049 ipso
1119 2994 1304 3036 Tiberio
1322 2994 1532 3036 subiiciat
1549 2995 1758 3036 Tacitus:
