2040 3412
866 335 945 380 147

35 434 320 506 [ἷῇρτοῙειῑεᾳ
367 444 481 487 aliae
530 445 758 487 indicatae
805 451 924 496 sunt,
972 446 1194 488 eiusmodi
1238 446 1375 488 etiarn
1418 445 1588 487 addere
1631 458 1702 486 su-

34 507 73 569 ἶ,
99 525 338 582 spiciones,
371 525 507 579 longe
540 525 790 576 arcessitas‚
822 531 982 581 aperta
1014 538 1117 568 cum
1151 526 1530 582 praecedentibus
1557 525 1705 567 fronte

35 594 371 666 {Ujrpugnantes
413 605 474 646 ab
516 605 615 660 ipsa
658 605 956 647 abhorrentes
997 606 1197 648 humana
1229 606 1396 657 indole,
1431 620 1522 648 non
1555 605 1706 660 gravis

96 689 240 740 atque
263 684 440 726 'veracis
465 690 535 726 est
562 684 764 727 historici
791 686 872 727 sed
902 685 1151 728 maledicae
1180 686 1484 728 mulierculae.
1515 686 1586 727 En
1614 698 1706 740 quo

32 752 149 830 te
179 764 318 808 ducat
349 764 469 806 istud
503 765 674 807 Tiberii
707 779 810 807 cum
845 766 1110 808 Domitiano
1143 766 1421 817 conferendi,
1454 765 1526 808 vel
1556 766 1707 821 potius

95 844 428 896 «confundendi,
461 845 686 887 studium!
1644 836 1665 846 ⁵

43 918 58 975 ff
109 947 135 971 τε
162 924 287 976 Ann,
326 925 386 976 ΙΙ,
427 926 495 980 38.
538 926 718 969 Marcus
762 927 993 978 Hortalus,
1037 927 1229 969 oratoris
1256 927 1505 984 ‘Hortensii
1549 940 1706 982 nepos,

28 988 243 1066 “”ῇ“·ν-8ῑ(]ιιε
285 1005 660 1062 omnino'nepos
701 1008 1005 1062 (agnoscimus
1047 1008 1169 1070 enim
1211 1020 1270 1049 ex
1311 1013 1410 1049 tota
1451 1007 1708 1049 narratione

94 1086 337 1130 'hominem
385 1100 596 1142 nequam,
647 1088 723 1142 qui
767 1088 924 1143 inepta
966 1087 1142 1129 luxuria
1184 1088 1508 1142 patrimonium
1551 1087 1710 1142 dilapi-

26 1172 63 1215 ζΓ·
104 1166 255 1223 darit),
292 1180 571 1222 quamquam
603 1167 744 1209 semel
778 1168 868 1209 iarn
900 1168 1064 1222 insigni
1097 1167 1369 1209 liberalitate
1402 1167 1599 1222 Augusti
1633 1168 1712 1209 ad-

28 1248 34 1297 ζ
104 1246 236 1290 intus.
256 1252 338 1298 est,
372 1253 616 1302 postquam
650 1248 884 1302 ingentem
911 1261 1094 1302 quoque
1122 1247 1244 1289 illam
1273 1248 1514 1302 pecuniam
1543 1247 1712 1303 (decies

104 1326 251 1371 fuerat
292 1327 567 1382 sestertium)
610 1328 779 1369 insanis
817 1328 1019 1382 profudit
1051 1328 1321 1383 sumptibus,
1356 1328 1520 1369 iterum
1555 1333 1712 1383 petere

105 1413 159 1450 ut
198 1407 284 1450 sibi
326 1421 386 1450 ex
426 1408 601 1450 aerario
644 1408 942 1450 subveniatur
974 1422 1064 1450 non
1099 1414 1301 1459 veretur;
1336 1408 1621 1450 lacrimosam
1654 1408 1712 1450 ad

106 1489 315 1531 senatum
357 1488 498 1530 habet
530 1489 785 1531 orationem
819 1494 865 1530 et
898 1487 953 1530 τὰ
987 1486 1190 1539 παιδάρια
1224 1487 1406 1530 ἀνέλκει.
1446 1480 1716 1543 Respondet

107 1568 283 1611 homini
326 1569 536 1611 Tiberius
568 1570 775 1611 oratione
808 1569 943 1624 plena
978 1569 1260 1625 prudentiae,
1295 1569 1431 1624 plena
1465 1569 1716 1624 dignitatis,

24 1647 44 1707 J}
108 1649 156 1691 in
187 1662 278 1704 qua
310 1650 466 1691 omnia
498 1655 602 1691 sunt
628 1651 832 1705 egregia,
865 1649 978 1702 haec
1010 1655 1165 1691 tamen
1200 1650 1272 1691 vel
1305 1650 1716 1705 praestantissima:

37 1715 61 1736 ‘⁴
126 1734 145 1767 Ἰ
175 1729 308 1784 „Non
339 1744 499 1785 preces
530 1736 635 1772 sunt
667 1731 801 1780 istud,
836 1730 915 1772 sed
951 1731 1230 1785 efflagitatio,
1265 1730 1588 1785 intempestiva
1620 1729 1719 1784 qui-

31 1798 218 1875 ’ᾍΪὲ-δᾰεῐῐι
260 1815 308 1852 et
347 1811 608 1866 improvisa,
652 1825 755 1853 cum
798 1811 895 1852 aliis
939 1811 996 1852 de
1039 1811 1174 1852 rebus
1216 1811 1514 1851 convenerint
1552 1815 1718 1864 patres,

31 1879 51 1928 ῑι
112 1903 383 1946 consurgere
426 1897 472 1933 et
515 1905 704 1933 numero
747 1897 884 1946 atque
928 1897 1079 1933 aetate
1117 1891 1310 1932 liberum
1344 1903 1526 1931 suorum
1559 1903 1719 1944 urgere

46 1992 48 1995 v
113 1971 390 2029 modestiam>
417 1977 615 2021 senatus,
649 1972 844 2013 eandem
879 1973 969 2014 vim
1002 1971 1047 2013 in
1078 1985 1150 2013 me
1179 1972 1486 2012 transmittere
1514 1984 1567 2012 ac
1596 1970 1720 2011 velut

104 2037 393 2110 'perfringere
435 2052 672 2102 aerarium,
717 2052 840 2106 quod
884 2053 920 2092 si
962 2051 1214 2093 ambitione
1251 2050 1605 2100 exhauserimus,
1639 2063 1720 2104 per

114 2130 581 2186 seelus'explendum
625 2133 724 2173 erit.
767 2132 1058 2186 Languescet
1095 2131 1264 2186 alioqui
1299 2131 1540 2180 industria;
1576 2131 1723 2171 inten-

116 2211 250 2253 detur
291 2213 514 2262 socordia,
558 2213 594 2253 si
637 2212 784 2254 nullus
827 2212 899 2267 (an
937 2212 1051 2254 nulli
1061 2212 1097 2267 ἓ)
1132 2226 1189 2253 ex
1221 2226 1269 2253 se
1304 2217 1451 2253 metus
1483 2216 1561 2252 aut
1594 2224 1722 2265 spes3

118 2296 165 2334 et
209 2293 354 2334 securi
401 2306 560 2334 omnes
606 2292 754 2335 aliena
801 2293 1003 2335 subsidia
1051 2292 1377 2347 expectabunt,
1427 2291 1511 2332 sibi
1557 2291 1725 2344 ignavi,

55 2359 58 2423 ζ
119 2372 252 2433 nobis
282 2372 489 2427 graves.'’
890 2425 892 2427 ι
1497 2366 1501 2370 ’

133 2481 144 2487 ‚
177 2451 291 2507 Quis
322 2466 523 2507 unquam
557 2454 779 2508 princeps.
803 2453 962 2494 melius
990 2452 1170 2494 obstitit
1198 2452 1488 2506 indignorum
1517 2450 1727 2505 precibus

50 2534 70 2546 ”
119 2532 475 2588 impudentibus,
506 2535 606 2588 quis
639 2527 718 2575 eos
751 2534 982 2588 redarguit
1014 2533 1220 2574 oratione
1253 2545 1335 2586 pro
1368 2545 1416 2572 se
1449 2531 1727 2580 honestiore,

122 2627 205 2669 pro
247 2613 481 2669 republica
524 2613 732 2656 utiliore?
776 2614 898 2669 Quid
942 2627 1052 2668 ergo
1094 2612 1322 2655 attinebat
1365 2612 1576 2653 acerbam
1610 2611 1728 2652 hanc

51 2694 86 2714 ’““
122 2695 417 2749 praemittere
451 2696 902 2750 interpretationem:

45 2758 49 2769 Ἰ
187 2774 454 2829 „Inclinatio
487 2781 670 2817 senatus
705 2775 1052 2816 incitamentum
1086 2773 1272 2815 Tiberio
1300 2772 1394 2822 fuit,
1424 2785 1515 2826 quo
1542 2785 1727 2826 promp-

43 2868 71 2909 ,ᾗ
123 2853 213 2896 tius
237 2856 567 2905 adversaretur,
595 2855 665 2896 his
693 2855 845 2896 verbis
873 2853 1024 2895 usus'’?
1053 2853 1207 2894 Habet
1230 2852 1436 2907 profecto
1455 2853 1552 2906 ipsa
1570 2840 1731 2902 oratio,

50 2948 71 2996 ⁵.
125 2948 217 2990 quo
259 2949 306 2978 se
349 2936 567 2978 defendat
610 2937 1016 2989 commendetque3
1062 2935 1142 2975 sed
1185 2934 1220 2975 si
1257 2947 1413 2975 verum
1456 2938 1576 2974 esset
1607 2933 1731 2987 quod

6 3031 8 3034 ’
46 3031 56 3051 ·:
127 3015 290 3059 infesto
317 3017 504 3058 Tacitus
532 3016 663 3070 fingit
689 3017 856 3066 animo,
884 3016 920 3056 si
948 3014 1158 3056 Tiberius
1184 3014 1289 3055 ideo
1319 3012 1498 3054 Hortali
1525 3012 1736 3067 precibus
