2040 3412
909 277 988 320 103

383 380 452 424 Sit
485 381 613 432 Cato,
648 384 756 425 dum
791 385 915 435 vivit,
950 400 1058 428 sane
1094 387 1164 429 vel
1191 387 1390 430 Caesare
1424 388 1585 429 maior:

438 462 559 504 Dum
595 464 797 514 moritur,
832 467 1052 520 numquid
1090 468 1233 509 maior
1267 467 1451 510 Othone
1485 467 1595 509 fuit?

195 543 248 584 In
281 541 454 584 deliciis
487 556 583 584 esse
615 541 670 584 τὰ
704 543 891 595 τραγικά
926 546 1088 588 Tacito
1123 553 1303 589 constat
1332 554 1378 589 et
1406 548 1490 602 ipsi
1519 548 1563 588 id
1593 562 1746 589 exem-

135 620 221 676 plis
268 621 581 663 demonstrare
631 624 783 665 conati
831 638 1004 675 sumus;
1058 626 1137 667 sed
1189 627 1313 680 quod
1362 626 1623 681 exemplum
1672 627 1743 668 hic

24 691 72 718 ⁵·
138 701 451 744 Mommsenus
483 702 649 752 attulit,
685 703 729 744 id
765 704 887 758 prius
921 704 1052 746 finxit
1086 706 1196 759 ipse.

200 781 259 824 H.
292 782 350 832 II,
387 792 454 836 51.
489 783 596 824 Post
629 797 831 838 pugnam
865 785 1240 827 Bedriacensem:

204 876 397 916 „earum,
442 876 558 917 quae
602 863 785 905 Brixelli
828 870 1029 919 egerant,
1066 865 1320 906 cohortium
1356 879 1512 920 preces
1546 867 1743 908 Rubrius

141 941 296 984 Gallus
327 942 431 984 tulit
463 947 509 984 et
542 944 673 984 venia
706 944 860 985 statim
894 945 1151 999 impetrata,
1181 945 1539 987 concedentibus
1565 947 1623 988 ad
1652 947 1742 988 vic-

138 1027 285 1064 torem
318 1037 398 1078 per
431 1022 641 1064 Flavium
675 1023 894 1066 Sabinum
928 1025 980 1065 iis
1013 1025 1156 1079 co'piis
1189 1026 1352 1079 quibus
1380 1026 1680 1080 praefuerat'’.

199 1103 307 1145 Post
337 1104 658 1146 concedentibus
690 1104 894 1146 Ritterus
928 1105 1114 1146 inseruit
1145 1121 1323 1160 quoque,
1356 1107 1435 1147 sed
1469 1107 1531 1148 ita
1565 1107 1740 1161 ingrate

135 1182 253 1225 inter
294 1197 342 1224 se
379 1184 626 1238 iunguntur
660 1185 776 1226 duae
809 1199 879 1226 res
913 1185 1132 1226 diversae.
1169 1186 1396 1240 Equidem
1430 1186 1630 1228 ablativo
1662 1187 1739 1228 ab·

133 1262 282 1305 soluto
315 1264 636 1306 concedentibus
669 1296 678 1305 .
699 1297 708 1305 .
729 1296 739 1305 .
760 1296 769 1305 .
803 1265 860 1306 z'z‘s
892 1266 1041 1319 copiis,
1075 1266 1239 1319 opinor
1265 1267 1482 1308 rationem
1510 1267 1640 1308 reddi
1662 1281 1740 1308 cur

133 1344 350 1386 adversus
392 1344 604 1385 cohortes
646 1344 743 1385 illas
785 1350 879 1386 tarn
918 1344 1164 1399 placabiles
1198 1345 1362 1387 fuerint
1395 1347 1590 1388 victores
1603 1365 1612 1397 ;
1648 1362 1738 1389 non

134 1424 255 1466 enim
287 1423 388 1465 leve
422 1429 518 1465 erat
551 1425 674 1478 quod
707 1424 809 1466 illae
837 1425 997 1479 copiae
1026 1426 1293 1475 transibant,
1324 1441 1441 1480 quae
1469 1427 1604 1480 paulo
1633 1433 1738 1469 ante

134 1504 188 1559 (c.
236 1514 286 1558 35
317 1504 400 1559 sq.)
438 1505 482 1545 in
516 1504 689 1559 proelio
722 1504 812 1555 illo,
847 1506 971 1559 quod
1005 1505 1165 1546 navale
1198 1506 1289 1547 fere
1323 1506 1419 1556 fuit,
1453 1512 1581 1548 tanta
1614 1507 1738 1548 exhi-

135 1584 328 1626 buerant
355 1585 552 1639 negotia.
573 1584 758 1626 -Vereor
785 1590 939 1626 tamen
968 1591 1017 1626 ut
1046 1587 1200 1627 omnia
1222 1591 1343 1627 recte
1368 1600 1415 1627 se
1434 1587 1506 1628 hic
1524 1587 1737 1636 habeant,

135 1678 241 1706 nam
273 1665 396 1719 quod
415 1672 502 1719 per
529 1664 738 1706 Flavium
768 1664 988 1707 Sabinum
1017 1679 1096 1713 eae
1126 1666 1286 1720 copiae
1314 1667 1573 1707 concedunt
1601 1667 1736 1708 docu-

55 1763 57 1765 ·
108 1781 111 1782 γ
136 1749 292 1786 mento
320 1750 389 1786 est
415 1744 540 1786 illum
559 1745 611 1786 iis
629 1745 890 1786 etiamnunc
899 1752 1117 1798 praeesse.
1137 1746 1375 1786 Excidisse
1395 1760 1560 1787 nomen
1579 1746 1738 1787 Macer

0 1803 9 1821 k

133 1825 338 1879 suspicor
365 1825 543 1880 (quibus
568 1824 728 1866 Macer
747 1825 1056 1881 praefuerat),
1086 1831 1135 1866 ut
1163 1826 1234 1866 hic
1259 1826 1315 1867 de
1339 1826 1498 1867 iisdem
1521 1825 1738 1866 militibus

133 1918 315 1959 prorsus
346 1904 469 1946 idem
502 1905 678 1946 dicatur
710 1905 834 1958 quod
868 1918 906 1945 c.
942 1905 1010 1958 36.

194 1984 253 2026 H.
287 1984 346 2034 II,
382 1985 449 2038 56.
498 1984 736 2038 „Ceterum
782 1984 912 2025 Italia
955 1985 1135 2039 gravius
1178 1990 1315 2039 atque
1358 1985 1555 2026 atrocius
1598 1999 1734 2038 quam

134 2064 254 2107 bello
281 2064 626 2106 afflictabatur''.
657 2065 764 2106 Post
791 2066 989 2107 atrocius
1016 2065 1210 2106 Haasius
1237 2066 1393 2105 inserit
1418 2066 1631 2116 victoria,-
1655 2065 1734 2106 sed

131 2145 195 2186 sic
223 2145 368 2200 perire
395 2145 575 2187 videtur
601 2159 793 2186 acumen
819 2145 1052 2199 quoddam
1076 2145 1237 2186 Tacito
1261 2150 1535 2199 pergratum.
1561 2144 1734 2185 Bellum

132 2225 223 2267 iam
254 2239 346 2267 non
379 2231 476 2267 erat
507 2226 552 2266 in
586 2225 730 2275 Italia,
764 2225 976 2279 dispersis
1010 2239 1089 2279 per
1122 2225 1366 2279 municipia
1401 2225 1660 2274 victoribus,
1688 2230 1735 2265 at

132 2305 220 2346 alia
261 2319 380 2347 nunc
422 2319 492 2347 res
535 2306 745 2347 miseram
787 2306 1020 2359 regionem
1064 2305 1326 2354 afflictabat,
1368 2305 1504 2359 idque
1538 2305 1734 2346 atrocius

133 2398 272 2439 quarn
303 2384 488 2426 bellurn.

194 2464 254 2506 H.
293 2465 350 2515 ΙΙ,
394 2466 464 2520 78.
511 2465 576 2507 Ut
619 2465 858 2519 imperium
901 2469 1109 2518 capessat
1152 2464 1485 2518 Vespasianum
1528 2463 1734 2505 hortatur

133 2544 338 2586 oratione
383 2545 632 2594 Mucianus,
677 2545 916 2586 hortantur
959 2544 1124 2584 milites
1167 2557 1383 2597 responsa
1425 2549 1580 2584 vatum
1624 2543 1734 2584 refe-

133 2629 297 2674 rentes,
330 2630 377 2665 et
409 2625 505 2679 ipse
539 2638 722 2679 quoque
755 2625 908 2665 animo
942 2622 1172 2664 recolebat
1206 2623 1370 2672 omina,
1402 2623 1566 2676 quibus
1593 2622 1735 2664 multo

133 2709 240 2744 ante
272 2717 449 2745 summa
481 2704 566 2746 sibi
600 2710 718 2746 esset
752 2704 975 2745 claritudo
1008 2704 1248 2757 promissa:

199 2783 302 2835 „sed
332 2784 479 2837 primo
506 2783 797 2838 triumphalia
825 2788 872 2824 et
895 2782 1106 2823 Iudaicae
1129 2781 1346 2822 victoriae
1369 2782 1507 2823 decus
1526 2782 1736 2836 implesse

135 2862 273 2903 fidem
312 2864 476 2904 ominis
508 2864 804 2905 videbantur:
839 2868 888 2904 ut
919 2861 1031 2903 haec
1065 2862 1259 2916 adeptus
1292 2867 1372 2911 est,
1407 2862 1618 2917 portendi
1652 2862 1737 2903 sibi

136 2943 375 2998 imperium
410 2944 670 2985 credebat”.
