2040 3412
1092 326 1174 367 114

318 430 616 487 „adimerent’fi
667 430 732 472 At
775 432 884 472 mihi
928 433 1070 476 multo
1115 435 1294 475 videtur
1334 434 1617 476 verisimilius
1660 435 1769 476 nihil
1813 426 1999 498 ultra&-

331 511 515 551 nomina
542 510 613 551 hic
641 511 803 552 Tacito
831 512 1092 564 innotuisse,
1116 527 1385 568 semperque
1409 528 1513 556 eum
1534 514 1717 557 latuisse
1741 516 1786 557 id
1803 517 1928 571 quod
1969 503 1994 559 ’ὖ

330 591 549 632 hodierna
596 592 653 632 de
701 593 1048 646 antiquitatibus
1096 595 1314 636 Romanis
1362 595 1609 637 enchiridia
1657 596 1825 638 docent
1871 579 2002 640 del.)

330 671 505 712 duabus
536 671 711 726 legibus
745 671 964 715 Serviliis:
1000 675 1136 716 etiarn
1166 689 1298 725 nunc,
1328 675 1417 723 nisi
1438 674 1578 724 fallor,
1607 681 1676 717 est
1703 671 1951 730 quaedam?

330 751 387 792 de
430 752 481 792 iis
524 752 640 793 inter
682 753 802 794 viros
840 754 1002 796 doctos
1034 755 1354 796 controversia.
1389 755 1659 796 Tacitumne
1692 757 1939 799 credamus'

286 874 290 879 ,
331 831 374 871 in
408 831 629 872 eiusmodi
665 832 799 873 rebus
831 835 1080 876 tractandis
1112 835 1264 876 omnia
1297 835 1414 876 bene
1447 836 1730 889 perspexisse
1763 841 1810 878 et
1841 836 1929 879 dis·
1988 844 1998 882 ,ὲ

329 910 545 952 tinxisse?
581 911 715 952 Haud
749 913 933 979 opinor:
969 927 1073 955 nam
1101 914 1172 955 vel
1200 914 1272 955 hic
1301 914 1445 979 multo
1471 916 1651 969 gravior
1677 915 1931 971 depreheffi
2004 903 2009 916 ⁸

329 991 450 1031 ditur
492 991 695 1033 confusio
737 1006 873 1046 quam
914 1007 967 1034 ea
1007 1000 1089 1043 est,
1132 992 1268 1048 quam
1307 994 1627 1049 supplemento
1658 1008 1739 1037 suo
1770 995 1931 1039 tollere

331 1070 653 1126 Nipperdeyus
686 1078 888 1114 conatur.
924 1073 1088 1115 Nonne
1121 1075 1241 1115 enim
1274 1074 1459 1116 ridicule
1488 1075 1651 1116 iudicia
1679 1075 1929 1130 privataet
1961 1065 2009 1131 ‘J'

320 1151 511 1205 ¹publica
544 1152 588 1192 in
622 1152 816 1193 eundem
851 1153 1151 1194 coniiciuntur
1177 1153 1341 1203 locum,
1369 1159 1602 1208 tamquam
1630 1155 1667 1195 si
1692 1155 1931 1197 interesset

330 1229 467 1272 nihil?
512 1231 676 1272 Nonne
719 1232 1023 1274 diversissima
1066 1233 1182 1274 inter
1213 1247 1261 1274 se
1293 1234 1528 1288 coniungit
1559 1234 1650 1288 qui,
1683 1239 1927 1289 postquam

331 1312 528 1352 narravit
556 1312 612 1352 de
642 1313 979 1366 magistratibus
1006 1314 1128 1368 apud
1157 1327 1271 1368 quos
1298 1314 1390 1369 lege
1415 1315 1572 1369 agitur
1600 1315 1749 1370 deque
1770 1323 1934 1357 eorum·
1983 1299 2021 1343 Ῐ-

330 1393 538 1441 decretis,
586 1393 739 1434 statim
788 1393 1044 1448 disceptare
1092 1395 1250 1448 incipit
1297 1395 1354 1436 de
1401 1395 1588 1444 iudiciis,
1631 1407 1749 1450 quae
1790 1395 1959 1439 mod'o'·
1991 1433 1995 1436 .

330 1486 470 1527 penes
513 1473 719 1514 ordinem
762 1473 1090 1527 amplissimum
1133 1475 1271 1515 modo
1314 1488 1454 1528 penes
1494 1475 1701 1517 ordinem
1732 1465 1932 1530 splendi⁴
1987 1490 2019 1534 ῑ

331 1553 564 1594 dissimum
593 1551 787 1594 fuerint?
816 1552 891 1594 An
920 1554 1171 1604 credamus
1198 1567 1301 1595 cum
1327 1554 1541 1609 Claudius
1556 1568 1679 1597 omne
1693 1555 1765 1598 ius
1782 1555 1932 1598 trade·
1991 1546 2016 1599 ΪῘ

330 1639 397 1674 ret
431 1633 810 1687 procuratoribus,
844 1634 980 1675 etiam
1015 1635 1280 1689 permissum
1310 1635 1362 1676 iis
1389 1649 1486 1676 esse
1514 1641 1563 1677 ut
1590 1636 1647 1677 de
1677 1636 1928 1688 maiestate,
1979 1636 2008 1697 ff

331 1714 388 1755 de
421 1714 685 1768 repetundis
717 1715 861 1755 simm.
896 1713 1252 1770 cognoscerent?
2007 1764 2010 1766 Ὺ

389 1794 512 1835 Ann.
548 1794 652 1843 XV,
684 1794 756 1846 48.
795 1794 985 1846 „Ineunt
1018 1795 1184 1836 deinde
1217 1794 1500 1837 consulatum
1535 1794 1669 1838 Silius
1702 1795 1854 1838 Nerva
1880 1801 1928 1838 et
1976 1786 2005 1853 τ’]

330 1873 514 1915 Atticus
540 1873 770 1923 Vestinus,
798 1879 962 1928 coepta
989 1874 1120 1915 simul
1145 1880 1190 1915 et
1217 1880 1350 1916 aucta
1374 1876 1698 1926 coniuratione,
1722 1877 1927 1931 inquam
1980 1856 1982 1861 .

330 1954 538 1994 certatim
587 1953 772 1994 nomina
817 1954 1040 1994 dederant
1086 1960 1318 1996 senatores
1365 1969 1504 2010 eques
1549 1956 1690 2006 miles,
1733 1956 1927 1999 feminae

331 2034 482 2083 etiam,
518 2047 619 2074 cum
653 2034 759 2074 odio
795 2033 1002 2082 Neronis,
1036 2039 1133 2074 tum
1167 2033 1320 2075 favore
1354 2036 1396 2076 in
1426 2035 1475 2077 C.
1505 2036 1728 2078 Pisonem.
1757 2036 1801 2078 Is
1828 2035 1947 2081 Cal:
2000 2039 2006 2046 ²

331 2114 492 2167 purnio
525 2126 690 2167 genere
724 2119 848 2154 ortus
880 2127 918 2154 e.
953 2127 997 2167 q.
1031 2113 1109 2154 s.’'.

391 2193 585 2243 Narrare
631 2193 703 2234 hic
751 2194 807 2234 de
858 2193 1018 2234 Pisone
1066 2194 1129 2234 ita
1171 2193 1356 2235 Tacitus
1399 2195 1570 2249 incipit,
1613 2196 1927 2251 tamquam‘si

330 2286 560 2327 nunquam
603 2278 737 2314 antea
781 2287 883 2314 eum
928 2274 1217 2314 nominasset.
1257 2273 1322 2314 At
1354 2275 1620 2325 nominavit,
1653 2276 1791 2330 idque
1821 2275 1926 2318 loco
2002 2325 2007 2328 ‚

328 2353 404 2406 qui
438 2352 713 2393 confusionis
745 2358 791 2393 et
823 2353 1021 2394 incuriae
1055 2353 1214 2407 plenus
1246 2359 1314 2394 est
1348 2354 1475 2403 XIV,
1508 2355 1561 2407 65
1598 2355 1722 2410 (ergo
1755 2356 1799 2397 in
1828 2356 1928 2412 ipsa
1994 2369 2019 2411 ,⁵

329 2433 469 2473 nostri
501 2431 588 2473 loci
622 2432 816 2486 vicinia).
1992 2422 2000 2429 ’

386 2512 569 2566 (Agitur
601 2513 658 2553 de
692 2512 887 2553 Neronis
919 2512 1104 2562 libertis,
1135 2527 1248 2567 quos
1277 2513 1349 2554 ille
1377 2514 1540 2555 eodem
1566 2528 1687 2556 anno
1719 2507 1924 2569 „veneno

326 2592 603 2633 interfecisse
646 2591 887 2642 creditus'’,
921 2607 945 2634 e
980 2593 1158 2647 quibus)
1208 2593 1466 2646 „Romanus
1502 2595 1686 2640 secretis
1717 2590 1924 2638 crimina-4
1976 2601 2014 2652 *53

326 2672 525 2713 tionibus
557 2672 841 2713 incusaverat
874 2672 1095 2714 Senecam
1129 2678 1177 2714 ut
1206 2672 1254 2714 C.
1286 2673 1458 2714 Pisonis
1484 2674 1680 2724 sociun1;
1709 2675 1788 2716 sed
1815 2674 1924 2717 vali·
1980 2672 2000 2725 ζ’

328 2753 426 2793 dius
453 2766 478 2792 a
506 2751 680 2793 Seneca
708 2752 871 2793 eodem
900 2753 1085 2794 crimine
1113 2752 1343 2807 perculsus
1365 2758 1446 2794 est.
1467 2753 1602 2796 Unde
1621 2753 1771 2795 Pisoni
1787 2747 1924 2798 timor.

327 2838 372 2872 et
405 2837 504 2872 orta
537 2831 797 2872 insidiarum
830 2832 874 2872 in
910 2832 1140 2873 Neronem
1168 2845 1332 2886 magna
1359 2831 1500 2873 moles
1527 2838 1572 2873 et
1601 2832 1923 2888 improspera”.

389 2911 511 2964 Ergo
555 2911 644 2951 iam
676 2925 715 2951 a.
749 2911 804 2951 62
840 2911 1012 2953 Pisonis
1053 2913 1223 2953 socium
1263 2912 1351 2952 dici
1383 2911 1577 2965 capitale
1609 2913 1779 2953 crimen
1808 2916 1925 2959 erat.

328 2990 448 3044 Quid
474 2989 641 3030 fecerat
668 2989 794 3030 Piso?
824 2991 944 3043 „Iam
971 2991 1098 3032 tum⁹⁹
1124 2992 1204 3032 viri
1231 2991 1354 3032 docti
1377 2991 1502 3032 aiunt
1525 2997 1722 3044 „secreta
1738 2991 1924 3037 fovebat
