2040 3412
1118 287 1199 330 190

356 396 455 437 inde
481 394 704 435 intellexit
733 394 1056 448 ludimagister,
1086 409 1286 448 ergoque
1311 396 1371 435 ad
1400 395 1498 436 inde
1514 394 1751 435 annotavit
1768 406 1948 435 rursus,

359 477 420 517 Et
463 489 581 516 nunc
625 476 669 516 in
711 481 841 516 textu
883 475 1046 529 legitur
1079 476 1178 517 inde
1207 475 1360 517 debilis
1392 489 1556 517 rursus
1585 475 1781 516 Burrus.
1829 473 1949 515 Nam

359 555 556 596 Acidalii
590 555 717 604 ratio,
753 569 916 596 rursus
948 555 1154 604 delentis,
1188 569 1214 596 a
1247 555 1571 596 recentioribus
1603 555 1830 608 spernitur
1861 553 1954 595 edi·
2014 548 2027 594 fi

358 635 545 676 toribus.
591 635 845 676 Praeclaras
879 634 1083 688 profecto
1116 635 1385 676 habebimus
1412 635 1682 688 scriptorum
1709 633 1952 676 latinorum
1983 619 1993 622 ”

361 716 607 764 editiones,
663 715 697 755 si
745 715 1017 769 ineptiarum
1066 728 1193 756 amor
1241 715 1325 756 iste
1373 714 1583 769 pertinax
1629 713 1954 768 aliquantisper

361 795 637 849 grassabitur
670 795 830 836 etiam!

421 875 480 916 A.
516 874 619 924 XII,
654 875 724 928 67.
763 873 989 927 „Infusum
1024 873 1282 915 delectabili
1317 874 1355 915 ci
1390 874 1544 915 boleto
1578 871 1850 915 venenum.”

424 955 570 997 Unice
614 968 719 995 vera
762 955 876 996 ratio
910 960 977 995 est
1012 954 1166 997 Orellii
1192 940 1261 995 'sic
1294 954 1508 1008 legentis:
1541 955 1742 1009 infusum
1774 953 1956 997 delecta-

362 1035 442 1077 bili
481 1035 570 1076 cibo
611 1049 832 1076 venenum.
898 1035 1015 1075 Nam
1059 1048 1161 1075 cum
1203 1034 1388 1075 Tacitus
1427 1034 1574 1088 ipsum
1615 1034 1744 1077 boleti
1785 1047 1952 1076 nomen

364 1116 622 1169 sprevisset,
666 1120 711 1156 et
755 1115 979 1168 exquisita
1021 1114 1248 1156 locutione
1290 1114 1534 1156 delectabili
1563 1115 1652 1157 cibo
1684 1128 1788 1156 usus
1821 1119 1955 1164 esset,

363 1196 473 1237 illud
507 1210 640 1250 supra
673 1196 838 1237 lineam
872 1196 1080 1250 adpinxit
1114 1195 1290 1237 sciolus.
1327 1195 1457 1237 Nunc
1491 1195 1835 1237 annotationem
1866 1194 1958 1237 luc·
1997 1215 2029 1228 -·

365 1282 539 1318 tantem
584 1277 721 1317 etiam
764 1277 1001 1326 cernimus,
1046 1282 1093 1317 ut
1136 1277 1180 1317 in
1223 1277 1417 1318 alienam
1461 1277 1629 1331 irrepat
1661 1277 1956 1327 sedem,‘non

367 1358 462 1398 sine
496 1353 589 1398 veri
622 1357 816 1411 iustique
851 1357 1022 1397 domini
1055 1357 1343 1398 detrimento.

428 1436 487 1477 A.
522 1437 650 1486 XIII,
684 1446 750 1489 35.
785 1435 900 1489 „Sed
930 1435 1175 1478 Corbuloni
1206 1436 1304 1490 plus
1330 1436 1463 1478 molis
1490 1437 1705 1478 adversus
1731 1436 1959 1492 ignaviam

370 1516 561 1557 militum
595 1530 730 1570 quam
765 1522 923 1557 contra
957 1516 1192 1570 perfidiam
1226 1516 1423 1557 hostiurn
1457 1522 1566 1557 erat.
1615 1515 1797 1571 Quippe
1829 1505 1972 1571 Syria*

367 1602 645 1638 transmotae
687 1596 901 1650 legiones,
945 1610 1056 1650 pace
1090 1597 1225 1650 longa
1257 1611 1431 1651 segnes,
1465 1597 1616 1638 rn'unia
1650 1597 1960 1639 Romanorum

367 1678 615 1732 aegerrime
648 1674 949 1718 tolerabant.‘’

427 1757 554 1811 Quae
598 1758 814 1812 deinceps
847 1757 1059 1811 legimus:
1098 1759 1230 1811 „satis
1264 1758 1468 1799 constitit
1501 1758 1634 1799 fuisse
1667 1759 1710 1799 in
1744 1771 1799 1800 eo
1833 1771 1959 1799 exer—

367 1839 459 1879 citu
493 1843 745 1886 veteranos,
780 1838 855 1891 qui
891 1851 980 1878 non
1014 1837 1272 1887 stationem,
1307 1851 1397 1878 non
1430 1837 1604 1892 vigilias
1637 1837 1826 1880 inissent
1857 1851 1896 1880 e.
1915 1851 1959 1893 q.

367 1916 430 1958 s.”
475 1923 638 1958 cuncta
680 1925 831 1959 castra
874 1923 1095 1971 spectant.
1160 1916 1250 1959 Sed
1293 1917 1502 1967 lectione,
1546 1931 1683 1971 quam
1726 1918 1962 1973 proposuit

372 1997 691 2052 NipperdeiuS,
731 1998 881 2039 munia
914 2005 1165 2039 castrorum
1199 1998 1498 2039 Romanorum
1532 2011 1681 2052 neque
1713 1998 1972 2040 restituitur⁷

371 2067 517 2119 Taciti
546 2091 704 2118 manus
732 2078 901 2131 (inepte
930 2078 1049 2118 enim
1077 2078 1195 2118 istud
1225 2079 1524 2120 Romanorum
1552 2078 1785 2132 abundat),
1814 2091 1961 2134 neque

371 2157 531 2212 patefit
579 2158 731 2198 mendi
781 2158 921 2211 origo.
986 2157 1213 2211 Equidem
1262 2158 1471 2199 Tacitum
1519 2158 1748 2212 scripsisse
1798 2171 1963 2200 censeo

373 2237 524 2279 munia
555 2245 821 2286 castrorum,
849 2237 1139 2290 adscripsisse
1167 2243 1319 2278 autem
1345 2237 1549 2287 sciolum,
1577 2238 1653 2292 qui
1682 2243 1862 2292 putaret
1889 2237 1962 2280 hie

373 2315 512 2370 Syros
560 2322 606 2357 et
655 2316 887 2357 Romanos
935 2316 1052 2356 inter
1093 2329 1140 2357 se
1183 2317 1369 2370 opponi,
1411 2318 1726 2367 Romanorum,
1768 2329 1962 2372 eamque
2019 2335 2021 2338 ⁴

372 2397 715 2438 annotationem
743 2397 805 2437 sic
834 2397 878 2437 in
907 2402 1083 2438 textum
1111 2397 1339 2451 irrepsisse
1363 2402 1411 2438 ut
1428 2398 1672 2451 genuinum
1691 2397 1963 2443 vocabulum

374 2484 624 2517 castrorum
658 2476 874 2517 interiret.

434 2555 582 2596 Audis
609 2555 745 2596 etiam
774 2555 1013 2609 magistelli
1043 2568 1202 2596 vocem
1230 2555 1465 2596 stridulam
1494 2556 1539 2597 in
1562 2556 1684 2597 hisce
1702 2556 1846 2611 (XIV,
1868 2557 1963 2612 51):

379 2635 626 2688 (praecedit
654 2634 849 2675 narratio
878 2634 934 2675 de
958 2634 1083 2674 Burri
1102 2634 1263 2687 morte)
1288 2634 1484 2686 „civitati
1502 2636 1673 2688 grande
1691 2635 1965 2678 desiderium

380 2716 474 2755 eius
503 2716 666 2755 mansit
695 2729 774 2768 per
802 2714 1064 2755 memoriam
1095 2714 1271 2754 virtutis
1288 2719 1334 2755 et
1351 2714 1533 2755 alterius
1550 2728 1736 2769 segnem
1752 2716 1967 2758 innocen-

380 2794 504 2842 tiam,
538 2794 719 2835 alterius
751 2794 1096 2847 flagrantissima
1129 2792 1298 2846 flagitia
1329 2793 1594 2835 adulteria.”

440 2874 526 2914 Hic
559 2880 711 2914 tamen
747 2874 944 2914 editores
975 2873 1294 2926 obtemperant
1327 2872 1495 2914 Orellio
1527 2874 1751 2915 adulteria
1783 2874 1955 2915 delenti

380 2966 471 3005 quo
506 2953 725 2993 vocabulo
758 2958 880 2993 recte
913 2953 1096 3005 quidem
1131 2952 1238 3004 quid
1272 2952 1356 2992 sibi
1389 2952 1497 2993 illud
1517 2953 1707 3008 flagitia
1734 2953 1843 2995 velit
1870 2949 1966 2996 illu-

2006 2627 2015 2641 ι

2013 2647 2023 2670 l

2016 2797 2040 2920 ἒ

2016 2916 2040 2991 ³}

2016 2997 2040 3063 1}
