2040 3412
933 280 1012 325 117

167 387 330 442 Neque
356 391 511 428 tamen
540 386 661 428 nulla
690 393 758 429 est
786 389 1089 440 coniecturae,
1109 404 1245 445 quam
1264 391 1452 446 protulit
1471 390 1558 441 ille,
1578 391 1770 433 utilitas:

162 467 416 509 accuratius
464 467 584 508 enim
634 467 782 509 Taciti
831 469 972 511 verba
1021 472 1305 525 perpendere
1349 473 1471 526 cogit
1514 471 1601 521 illa,
1646 472 1769 525 quod

153 560 265 589 cum
298 546 501 596 facimus,
535 547 608 588 hic
641 548 826 589 demum
861 549 986 591 locus
1019 564 1101 592 nos
1135 565 1228 592 rem
1262 552 1492 606 quandam
1526 552 1690 594 edocet
1724 558 1769 594 et

152 633 338 673 tantum
382 641 473 669 non
517 633 625 670 ante
669 628 824 671 oculos
858 631 1002 684 ponit,
1037 645 1173 685 quam
1207 632 1324 674 bene
1358 638 1514 674 tenere
1548 633 1769 674 debemus

150 702 338 763 *quoties
365 708 422 750 de
450 707 706 763 legionibus
735 709 955 751 Romanis
983 712 1115 753 nobis
1145 718 1351 754 narratur
1378 713 1563 767 aliquid.
1583 714 1766 755 Etenim

150 789 342 831 territus
383 789 606 831 Lentulus
649 795 796 831 castra
840 791 1030 833 hiberna
1063 806 1153 833 non
1178 794 1294 848 petit
1324 794 1403 834 sed
1438 795 1608 849 repetit.
1643 794 1766 848 Ergo

161 882 220 912 ex
251 869 452 911 hibernis
483 875 672 912 venerat
705 875 751 911 et
784 884 887 912 cum
921 872 1118 913 maxime
1153 873 1197 913 in
1225 874 1405 915 aestivis
1432 874 1553 928 (nam
1584 874 1764 916 missam

150 950 251 992 iam
284 949 473 992 facimus
506 949 674 992 Sirkeri
709 951 1034 1006 coniecturam)
1069 953 1109 993 ei
1144 953 1333 996 exitium
1369 954 1611 1004 minantur,
1638 969 1766 996 saxa-

102 1068 106 1069 ?
161 1044 250 1085 que
282 1030 327 1072 in
361 1044 464 1072 eum
508 1031 677 1072 iaciunt
712 1030 890 1072 milites.
926 1031 1151 1086 Refugere
1186 1046 1304 1074 nunc
1337 1047 1392 1074 eo
1425 1035 1544 1076 unde
1578 1041 1765 1076 venerat

159 1116 350 1153 conatur
368 1143 378 1153 .
398 1144 408 1152 .
429 1143 438 1152 .
459 1143 468 1152 .
487 1111 531 1152 in
566 1111 771 1153 hiberna.
807 1112 945 1154 Hisce
979 1113 1190 1155 omnibus
1219 1114 1336 1155 bene
1363 1114 1605 1156 intellectis
1632 1115 1763 1156 simul

157 1190 289 1233 nobis
331 1205 468 1246 quam
513 1192 711 1233 maxime
755 1192 805 1234 fit
846 1194 1134 1247 perspicuum
1167 1194 1285 1236 inter
1316 1200 1463 1236 castra
1495 1194 1685 1236 hiberna
1718 1202 1763 1237 et

149 1277 302 1314 castra
344 1273 518 1314 aestiva
550 1286 667 1327 quae
701 1273 955 1314 intercedat
988 1274 1117 1323 ratio.
1153 1275 1204 1315 In
1239 1275 1473 1329 provincia
1506 1289 1594 1316 non
1630 1277 1762 1318 nimis

153 1352 289 1407 longe
320 1367 347 1395 a
379 1353 545 1394 finibus
588 1352 788 1394 hostiurn
831 1353 1034 1408 legiones
1077 1351 1199 1396 urbis
1240 1356 1379 1397 instar
1412 1356 1583 1397 habent
1616 1362 1763 1398 castra

154 1434 365 1476 hiberna:
400 1435 462 1476 ibi
496 1449 652 1476 eorum
687 1441 754 1476 est
782 1436 1077 1486 domicilium,
1107 1438 1323 1490 quamdiu
1353 1437 1521 1479 bellum
1551 1452 1641 1479 non
1670 1444 1759 1488 est;

154 1529 181 1556 a
214 1515 430 1556 ministris
474 1515 742 1556 militaribus
785 1530 838 1557 ea
882 1516 988 1557 urbs
1030 1530 1210 1571 semper
1252 1518 1463 1559 incolitur
1495 1524 1541 1559 et
1572 1519 1630 1559 ab
1665 1519 1762 1560 aliis

155 1595 429 1645 hominibus,
473 1609 666 1650 quorum
711 1610 850 1650 opera
893 1597 1084 1638 efficitur
1126 1603 1175 1638 ut
1219 1599 1294 1652 qui
1333 1612 1388 1640 eo
1420 1600 1607 1640 advenit
1639 1614 1760 1640 com-

157 1676 293 1718 mode
326 1676 371 1718 in
404 1675 479 1717 illa
512 1676 621 1718 urbe
655 1677 821 1731 degere
854 1678 1072 1731 quamdiu
1105 1678 1216 1720 libet
1251 1680 1407 1734 possit.
1443 1680 1512 1721 Eo
1546 1694 1653 1734 ergo
1682 1695 1760 1722 no-

154 1755 268 1798 biles
300 1755 520 1807 homines,
555 1757 632 1811 qui
665 1771 723 1798 ex
756 1757 867 1798 urbe
901 1758 958 1799 ad
993 1759 1243 1800 exercitum
1278 1760 1531 1810 mittuntur,
1566 1766 1614 1801 ut
1648 1761 1759 1801 mili-

152 1841 250 1879 turn
293 1837 469 1879 animos
509 1844 788 1892 cognoscant
821 1838 978 1880 aliisve
1012 1840 1068 1880 de
1103 1841 1260 1890 causis,
1294 1855 1341 1882 se
1375 1847 1662 1891 convertunt,
1696 1842 1757 1883 ibi

153 1917 462 1960 deversantur.
497 1918 563 1959 At
596 1932 698 1960 cum
734 1919 899 1961 milites
931 1920 989 1961 ad
1023 1921 1366 1974 expeditionem
1398 1921 1756 1975 proficiscuntur,

152 2011 296 2052 prope
338 1997 531 2048 hostem,
577 1999 716 2040 modo
760 2000 832 2040 hic
872 2001 1010 2041 modo
1044 2000 1147 2050 illic,
1181 2006 1327 2042 castra
1360 2007 1536 2056 ponunt
1570 2002 1754 2051 aestiva,

152 2091 269 2133 quae
316 2081 717 2134 appropinquante
767 2080 916 2122 hieme
964 2080 1206 2131 tolluntur;
1266 2081 1402 2135 legati
1451 2096 1559 2136 ergo
1609 2083 1756 2123 Roma

151 2158 288 2209 missi,
333 2173 435 2200 cum
478 2161 825 2215 expeditionum
870 2166 1078 2215 tempore
1122 2162 1277 2203 videre
1311 2168 1356 2203 et
1389 2161 1556 2216 a110qui
1591 2162 1755 2203 milites

150 2238 322 2290 volunt,
357 2254 415 2281 ex
447 2240 661 2291 hibernis,
694 2241 771 2282 ubi
805 2242 1116 2291 deversantur,
1151 2256 1198 2282 se
1227 2242 1465 2283 conferunt
1493 2243 1536 2283 in
1566 2243 1751 2292 aestiva,

148 2320 228 2362 sed
277 2321 427 2363 officio
474 2335 555 2362 suo
603 2321 744 2363 functi
786 2322 940 2363 statim
984 2336 1113 2363 suum
1156 2322 1254 2371 sibi,
1299 2323 1422 2376 quod
1466 2323 1510 2363 in
1554 2323 1753 2363 hibernis

150 2399 335 2450 habent,
377 2401 680 2443 deversorium
723 2410 946 2457 repetunt:
987 2402 1107 2443 idem
1143 2403 1276 2443 miser
1308 2402 1381 2443 ille
1416 2402 1496 2444 Cn.
1532 2403 1752 2444 Lentulus

147 2479 295 2522 facere
327 2487 533 2536 conatur,
568 2481 656 2523 heu
689 2485 813 2523 sero!
879 2533 881 2535 ,

210 2561 314 2603 Non
347 2567 442 2603 tam
476 2562 606 2604 facile
641 2577 712 2604 me
746 2563 944 2617 expedio
979 2577 1036 2603 ex
1069 2562 1348 2613 difficultate,
1383 2577 1519 2617 quam
1547 2564 1751 2606 eiusdem

145 2640 248 2683 libri
274 2655 318 2702 vc.
354 2642 408 2696 38
443 2643 650 2699 praebet,
684 2648 761 2684 aut
794 2643 830 2683 si
866 2656 937 2683 me
971 2643 1076 2683 inde
1106 2644 1316 2697 expedio,
1346 2643 1555 2684 Tacitum
1583 2645 1751 2698 gravis-

145 2722 261 2763 simo
305 2722 493 2764 crimine
526 2722 735 2764 involvo:
777 2722 1090 2764 incredibilem
1126 2723 1246 2763 enim
1279 2723 1337 2764 ab
1371 2737 1425 2764 eo
1459 2724 1747 2765 commissum
1787 2727 1801 2733 “

146 2815 343 2843 errorem
391 2817 546 2857 arguo,
596 2817 687 2857 quo
737 2804 847 2844 situs
894 2809 940 2843 et
984 2802 1139 2856 populi
1185 2803 1455 2845 Germaniae
1500 2805 1662 2845 mirum
1705 2806 1749 2846 in

147 2883 333 2924 modum
370 2883 705 2937 perturbentur.
741 2884 791 2924 In
830 2883 1020 2925 Clz‘aucz's
1052 2882 1272 2924 vexillarii
1307 2884 1582 2926 discordium
1611 2885 1748 2939 legio-

148 2975 255 3002 num
298 2962 574 3016 praesidium
619 2964 816 3018 agitant;
862 2976 976 3016 quos
1020 2963 1082 3016 (et
1126 2964 1260 3017 ipsos,
1295 2969 1343 3004 ut
1375 2965 1550 3020 opinor,
1584 2965 1749 3008 tumul-
