2040 3412
901 268 983 321 283

138 397 354 439 mumque
398 384 675 440 reipublicae
719 387 875 442 populi
920 389 1115 431 Romani
1159 389 1338 439 accidit,
1382 390 1506 432 nullo
1549 395 1741 432 externo

137 464 282 515 hoste,
327 466 551 520 propitiis,
596 467 631 508 si
677 481 758 522 per
802 481 951 510 mores
994 475 1173 512 nostros
1215 470 1386 521 liceret,
1430 471 1539 521 deis,
1583 471 1740 512 sedem

136 545 258 588 Iovis
300 544 476 600 Optimi
522 547 712 589 Maximi
756 549 992 603 auspicato
1030 563 1056 591 a
1090 550 1335 591 maioribus
1367 551 1531 605 pignus
1563 551 1740 605 imperii

135 626 384 676 conditam,
418 640 556 681 quam
584 641 675 669 non
704 628 935 671 Porsenna
961 630 1118 672 dedita
1146 631 1256 672 urbe
1285 645 1433 685 neque
1463 631 1579 674 Galli
1607 637 1741 686 capta

134 711 358 751 temerare
391 708 661 762 potuissent,
695 709 844 752 furore
878 712 1137 766 principum
1170 712 1396 754 excindi.’'

196 787 402 830 Rectene
421 789 650 844 principes
677 797 973 845 opponuntur
1002 792 1258 834 Porsennae
1277 792 1521 847 Gallisque,
1541 793 1742 835 externis

137 866 372 911 hostibus?
415 868 521 910 Non
565 870 750 924 opinor;
795 872 875 913 sed
919 877 968 914 ut
1011 872 1134 914 dicat
1177 872 1349 927 aliquid
1389 873 1575 914 Tacitus
1614 874 1738 927 quod

135 947 254 991 bene
291 949 548 1000 cohaereat,
583 964 666 1005 pro
690 952 948 1007 principum
982 953 1227 1008 legendum
1261 948 1329 997 est
1360 955 1535 996 civium.
1569 954 1739 996 Totum

133 1029 256 1071 istud
274 1030 534 1086 principum
561 1033 816 1086 arrogantis
843 1024 1086 1088 magistelli
1112 1040 1180 1075 est
1208 1034 1458 1084 annotatio,
1488 1034 1564 1088 qui
1591 1035 1738 1088 ipsum

134 1109 348 1155 Tacitum
380 1111 607 1165 corrigere
641 1112 792 1154 vellet.
826 1113 1034 1168 Ipsorum
1068 1120 1221 1156 autem
1255 1115 1510 1169 principum
1540 1115 1584 1155 in
1610 1114 1743 1169 Capi-

133 1188 233 1232 tolii
276 1189 490 1233 incendio
534 1191 683 1234 nullae
728 1198 881 1248 partes
923 1193 1126 1245 fuerunt3
1171 1194 1304 1236 unica
1336 1195 1645 1236 atrocissimae
1677 1195 1741 1236 rei

135 1283 271 1312 causa
302 1276 400 1314 erat
433 1271 556 1313 furor
589 1273 760 1328 populi.

197 1430 256 1472 H.
290 1431 371 1482 ΙΙΙ,
408 1433 478 1486 83.
523 1433 835 1488 Pugnantibus
868 1435 912 1476 in
947 1448 1111 1490 campo
1147 1436 1314 1478 Martio
1348 1436 1607 1478 Vitellianis
1639 1435 1740 1478 Fla-

137 1511 374 1576 vianisque
400 1513 559 1555 aderat
587 1514 747 1569 vulgus
774 1515 895 1557 haud
924 1516 1013 1557 alio
1041 1517 1193 1557 animo
1221 1530 1358 1571 quarn
1383 1517 1418 1558 si
1436 1517 1739 1571 gladiatorum

139 1592 351 1635 ederetur
393 1594 729 1648 spectaculum;
763 1596 1148 1650 protrahebantur
1180 1610 1206 1638 a
1238 1597 1552 1651 spectantibus
1584 1597 1660 1650 qui
1695 1597 1740 1638 in

138 1673 313 1729 aliquas
339 1675 640 1730 confugerant
667 1676 879 1727 latebras,
908 1677 1070 1731 spoliis
1091 1677 1353 1731 potiebatur
1381 1677 1588 1732 populus.
1623 1677 1744 1718 Hinc

135 1754 182 1796 in
225 1756 390 1797 eadem
432 1756 543 1797 urbe
576 1757 709 1798 simul
742 1763 930 1798 cruenta
962 1758 1126 1799 caedes
1159 1764 1255 1799 erat
1289 1763 1335 1799 et
1366 1758 1524 1799 insana
1556 1757 1742 1799 laetitia.

137 1835 223 1878 His
250 1850 352 1878 eam
386 1850 482 1879 rem
515 1837 734 1879 describit
766 1838 921 1880 verbis
949 1838 1159 1881 Tacitus:

199 1915 374 1970 „Saeva
414 1931 468 1959 ac
507 1917 723 1959 deformis
755 1918 866 1960 urbe
898 1924 998 1960 tota
1030 1918 1189 1960 facies:
1222 1918 1329 1960 alibi
1364 1918 1536 1973 proelia
1569 1924 1615 1960 et
1649 1918 1742 1960 vul-

135 2009 257 2047 nera,
301 1997 409 2039 alibi
453 1997 659 2040 balineae
703 1999 1017 2054 popinaeque;
1059 1999 1191 2041 simul
1224 2013 1356 2041 cruor
1388 2004 1435 2040 et
1467 2004 1612 2040 strues
1644 2012 1741 2040 cor-

137 2090 314 2132 porum,
347 2078 476 2120 iuxta
508 2085 659 2121 scorta
691 2085 737 2121 et
769 2081 930 2121 scortis
962 2079 1176 2122 similes.”

201 2158 289 2200 Hic
331 2156 494 2200 vocer'n
537 2173 581 2213 q.
615 2173 654 2201 e.
686 2160 825 2202 simul
854 2160 1160 2215 Nipperdeius
1195 2159 1387 2210 inclusit,
1424 2166 1470 2201 et
1503 2165 1657 2215 potest
1689 2174 1743 2201 ea

138 2239 236 2281 sine
267 2240 522 2282 sententiae
555 2241 725 2282 damno
758 2241 932 2283 omitti:
967 2255 1116 2295 neque
1143 2247 1298 2284 tamen
1326 2241 1389 2283 sic
1418 2240 1562 2282 multo
1589 2241 1743 2282 evadit

137 2319 214 2362 illa
260 2320 525 2382 elegantior.
575 2322 803 2363 Remanet
850 2323 991 2372 enim,
1041 2336 1157 2376 quae
1207 2322 1316 2363 mihi
1365 2322 1550 2376 quidem
1600 2321 1744 2363 multo

140 2400 386 2451 molestior,
414 2402 693 2443 incredibilis
720 2403 947 2456 quaedam
974 2402 1199 2444 hominum
1229 2408 1274 2444 et
1301 2402 1494 2444 locorum
1523 2401 1741 2443 confusio.

137 2480 253 2523 Leni
285 2482 641 2537 transpositione
674 2483 737 2524 sic
770 2482 918 2524 Taciti
953 2496 1137 2525 manum
1169 2483 1498 2524 restituendam
1524 2482 1741 2524 arbitror:

201 2560 374 2614 „Saeva
401 2575 453 2604 ac
482 2562 698 2604 deformis
727 2563 837 2604 urbe
856 2569 957 2604 tota
973 2563 1134 2605 facies:
1163 2563 1270 2605 alibi
1288 2563 1460 2618 proelia
1477 2569 1523 2604 et
1541 2563 1742 2613 vulnera,

136 2641 244 2684 alibi
270 2648 420 2684 scorta
448 2649 495 2685 et
521 2644 683 2685 scortis
709 2643 900 2695 similes;
931 2644 1063 2686 simul
1090 2657 1222 2685 cruor
1249 2649 1295 2685 et
1322 2649 1467 2686 strues
1484 2658 1739 2699 corporum,

137 2723 266 2764 iuxta
297 2722 504 2765 balineae
540 2723 876 2778 popinaeque.”

200 2802 334 2844 Nunc
375 2803 514 2845 simul
552 2803 675 2845 haud
719 2805 873 2858 inepte
917 2803 1243 2859 principalibus
1275 2804 1393 2846 inter
1424 2818 1471 2846 se
1505 2805 1745 2859 iungendis

141 2884 396 2926 sententiae
428 2884 645 2926 membris
678 2885 877 2926 inservit.
