2040 3412
913 259 993 303 231

219 369 438 424 „Mela...
473 369 646 411 exolvit
675 383 826 420 venas,
861 371 1040 426 scriptis
1073 372 1304 423 codicillis,
1340 372 1503 427 quibus
1535 372 1756 427 grandem
1816 400 1822 406 -

89 453 109 499 f}
148 450 392 507 pecuniam
426 449 471 492 in
505 449 780 504 Tigellinum
813 464 1124 505 generumque
1153 453 1248 494 eius
1276 452 1594 495 Cossutianum
1624 452 1755 508 Capi-

79 535 115 587 ῗ“
152 535 312 574 tonem
359 530 594 585 erogabat,
643 544 734 585 quo
783 536 935 572 cetera
985 538 1235 574 manerent.
1293 533 1493 575 Additur
1545 533 1755 575 codicillis

150 619 380 666 tamquam
407 611 460 652 de
486 611 719 665 iniquitate
744 611 873 653 exitii
896 625 1083 666 querens
1110 613 1175 654 ita
1202 613 1463 667 scripsisset,
1491 627 1538 654 se
1567 614 1752 668 quidem

77 692 268 751 &gmori
314 690 448 733 nullis
495 690 703 745 supplicii
753 692 910 741 causis,
961 692 1167 733 Rufrium
1211 698 1365 734 autem
1409 693 1665 748 Crispinum
1710 700 1755 736 et

152 772 369 816 Anicium
402 770 624 814 Cerialem
660 772 754 813 vita
786 771 869 813 frui
904 772 1102 815 infensos
1135 773 1372 828 principi.”

215 851 331 895 Sunt
360 852 620 894 etiamnunc
644 852 720 906 qui
739 852 871 893 istam
890 853 1133 894 verborum
1152 853 1422 908 farraginem
1441 861 1731 909 concoquant
1744 873 1754 905 ;

84 936 93 941 ”
153 938 260 976 sunt
299 933 376 988 qui
409 946 511 974 eam
542 931 661 973 ultro
694 933 964 987 perturbent
998 947 1080 988 pro
1111 934 1359 987 scribsisset
1390 933 1585 988 legendo
1617 936 1756 988 scrip-

57 1004 91 1060 {fs
151 1014 273 1063 sisse,
304 1019 354 1055 ut
374 1013 568 1063 additur
596 1026 696 1054 eam
724 1013 920 1068 accipiat
947 1018 1235 1063 structuram,
1265 1028 1401 1068 quam
1420 1014 1588 1057 habere
1606 1015 1756 1056 solent

148 1094 332 1144 dicitur,
377 1093 556 1136 videtur
598 1093 746 1134 simm.
796 1092 934 1147 Quasi
978 1107 1086 1135 vero
1120 1108 1211 1135 non
1245 1095 1302 1136 sit
1335 1095 1434 1136 luce
1468 1095 1643 1146 clarius,
1678 1096 1754 1137 ubi

150 1175 198 1227 in
245 1174 408 1216 eadem
456 1174 714 1215 narratione
764 1173 810 1215 et
855 1174 912 1215 de
960 1174 1172 1216 codicillis
1210 1188 1359 1216 sermo
1401 1175 1472 1224 sit,
1517 1176 1563 1217 et
1604 1175 1756 1230 aliqua

152 1255 279 1298 verbi
321 1255 515 1297 addendi
556 1254 701 1295 forma
733 1253 923 1308 legatur,
959 1255 1016 1308 de
1050 1254 1171 1296 nulla
1203 1254 1290 1296 alia
1322 1269 1369 1296 re
1403 1256 1464 1296 ibi
1498 1269 1754 1298 sermonem

151 1349 249 1378 esse
277 1348 411 1391 posse
440 1348 576 1389 quam
607 1334 664 1375 de
692 1334 845 1388 aliquo
874 1335 1073 1389 ipsorum
1092 1335 1403 1377 codicillorum
1422 1337 1754 1378 additamento.

151 1415 360 1458 Tandem
393 1414 639 1470 aliquando
672 1415 847 1456 exstitit
882 1415 1151 1469 Draegerus‚
1181 1416 1258 1469 qui
1286 1415 1474 1457 sciolum
1504 1416 1755 1471 deprehen-

153 1496 297 1538 deret.
341 1494 477 1550 Quod
509 1501 663 1536 autem
697 1500 847 1536 totum
881 1495 990 1536 illud
1024 1503 1250 1549 tamquam
1284 1496 1336 1537 de
1367 1497 1599 1550 iniquitate
1629 1497 1758 1538 exitii

154 1589 339 1631 querens
364 1576 429 1618 ita
455 1575 707 1630 scripsisset
731 1589 755 1616 e
784 1580 913 1617 textu
943 1576 1114 1626 eximit,
1144 1576 1332 1618 fortasse
1352 1578 1539 1618 modum
1558 1578 1754 1619 excedit.

155 1655 204 1700 Si
228 1657 330 1712 quis
353 1657 475 1698 enim
502 1657 684 1697 retineri
710 1670 843 1711 posse
869 1648 1095 1716 tamquam
1114 1658 1167 1699 de
1183 1658 1414 1711 iniquitate
1430 1658 1558 1700 exitii
1572 1670 1756 1711 querens

154 1737 417 1787 contendit,
460 1737 675 1792 equidem
719 1750 810 1778 non
856 1751 1082 1791 repugno,
1129 1737 1380 1779 dummodo
1424 1737 1530 1779 hinc
1563 1737 1756 1779 facessat

153 1818 364 1862 codicillis
405 1823 452 1859 et
484 1842 542 1848 —
575 1831 681 1861 nam
713 1818 777 1859 ita
810 1818 994 1859 demum
1028 1818 1281 1872 apparebit,
1317 1818 1393 1871 qui
1428 1817 1522 1859 fieri
1556 1819 1755 1872 potuerit

152 1904 204 1941 ut
234 1896 330 1940 tam
363 1898 611 1940 immanem
644 1899 690 1939 in
723 1898 911 1939 modum
941 1897 1013 1939 hic
1041 1897 1167 1939 locus
1193 1903 1559 1952 corrumperetur
1586 1923 1644 1928 —
1672 1912 1754 1952 pro

153 1979 340 2022 additur
363 1978 540 2033 legatur
556 1979 696 2020 addit.
731 1977 972 2032 Scripsisse
991 1992 1099 2032 ergo
1118 1978 1329 2020 Tacitum
1346 1978 1562 2020 arbitror:
1587 1979 1753 2032 „addit‚

152 2064 389 2114 tamquam
422 2060 479 2101 de
512 2059 753 2113 iniquitate
783 2059 910 2099 exitii
945 2072 1152 2112 querens,
1185 2072 1232 2099 se
1265 2059 1452 2112 quidem
1482 2059 1595 2099 mori
1622 2058 1755 2100 nullis

152 2139 362 2195 supplicii
390 2140 535 2182 causis
553 2154 590 2181 e.
603 2153 646 2194 q.
658 2138 723 2181 S.”
747 2139 860 2181 Cum
879 2139 1019 2180 semel
1037 2140 1177 2189 addit,
1197 2140 1320 2193 quod
1340 2139 1754 2193 frequentissimum

152 2221 314 2263 vitium
356 2225 438 2270 est,
483 2221 528 2261 in
562 2220 750 2262 additur
782 2219 1047 2269 transiisset,
1082 2225 1234 2261 cetera
1267 2220 1420 2261 omnia
1452 2225 1616 2274 sponte
1650 2224 1754 2261 sunt

152 2306 322 2343 secuta.

213 2380 274 2422 A.
324 2380 454 2430 XVI,
507 2391 574 2434 30.
628 2379 812 2434 „Atque
861 2380 1042 2421 interim
1090 2379 1297 2422 Ostorius
1341 2378 1549 2429 Sabinus,
1594 2378 1754 2421 Sorani

153 2467 402 2514 accusator,
447 2462 699 2516 ingreditur
741 2461 1006 2517 orditurque
1050 2461 1106 2502 de
1145 2461 1345 2502 amicitia
1378 2460 1559 2502 Rubelli
1594 2461 1754 2512 Plauti,

153 2543 369 2597 quodque
428 2541 799 2597 proconsulatum
849 2541 989 2582 Asiae
1038 2540 1237 2583 Soranus
1284 2555 1368 2595 pro
1416 2541 1621 2582 claritate
1669 2541 1755 2582 sibi

155 2622 307 2677 potius
346 2622 754 2664 adcommodatum
789 2635 926 2675 quam
960 2634 1018 2662 ex
1050 2620 1246 2662 utilitate
1279 2622 1509 2676 communi
1543 2620 1755 2675 egisset.”

213 2702 323 2744 Vidi
366 2703 591 2744 editorem
634 2702 829 2743 traditae
867 2701 1076 2742 lectionis
1109 2706 1203 2742 tam
1236 2706 1459 2751 tenacem,
1494 2707 1542 2743 ut
1575 2702 1660 2743 ista
1692 2702 1755 2744 sic

155 2782 201 2824 in
247 2788 378 2824 textu
426 2796 507 2823 suo
555 2787 848 2836 proponeret.
898 2780 945 2822 Si
993 2780 1260 2822 nobilissimi
1309 2782 1552 2836 scriptores
1602 2782 1754 2824 Latini

154 2861 263 2904 talia
297 2862 598 2918 protulerunt,
632 2875 718 2915 ego
751 2875 777 2902 a
810 2861 951 2902 literis
983 2861 1160 2902 Latinis
1193 2862 1436 2916 ingenuam
1470 2862 1754 2903 iuventutem

156 2943 314 2998 procul
346 2944 591 2985 arcendam
627 2956 805 2983 censeo.
855 2942 1041 2983 Dudum
1075 2947 1144 2983 est
1175 2956 1233 2983 ex
1264 2956 1355 2996 quo
1388 2943 1566 2985 saniora
1599 2943 1755 2985 docuit
1806 2953 1814 2961 '
