<?xml version="1.0" encoding="UTF-8"?>
<!DOCTYPE html PUBLIC "-//W3C//DTD XHTML 1.0 Transitional//EN"
    "http://www.w3.org/TR/xhtml1/DTD/xhtml1-transitional.dtd">
<html xmlns="http://www.w3.org/1999/xhtml" xml:lang="en" lang="en">
 <head>
  <title>
</title>
<meta http-equiv="Content-Type" content="text/html;charset=utf-8" />
  <meta name='ocr-system' content='tesseract 3.04.00' />
  <meta name='ocr-capabilities' content='ocr_page ocr_carea ocr_par ocr_line ocrx_word'/>
</head>
<body>
  <div class='ocr_page' id='page_1' title='image "analectatacitea00hartuoft_0047.png"; bbox 0 0 2040 3412; ppageno 0'>
   <div class='ocr_carea' id='block_1_1' title="bbox 873 269 927 312">
    <p class='ocr_par' dir='ltr' id='par_1_1' title="bbox 873 269 927 312">
     <span class='ocr_line' id='line_1_1' title="bbox 873 269 927 312; baseline 0.037 -2"><span class='ocrx_word' id='word_1_1' title='bbox 873 269 927 312; x_wconf 82' lang='lat'><strong>39</strong></span> 
     </span>
    </p>
   </div>
   <div class='ocr_carea' id='block_1_2' title="bbox 40 374 1704 511">
    <p class='ocr_par' dir='ltr' id='par_1_2' title="bbox 40 374 1704 511">
     <span class='ocr_line' id='line_1_2' title="bbox 163 374 1704 431; baseline 0.002 -16"><span class='ocrx_word' id='word_1_2' title='bbox 163 374 350 416; x_wconf 87' lang='lat' dir='ltr'>Addam</span> <span class='ocrx_word' id='word_1_3' title='bbox 384 375 610 429; x_wconf 87' lang='lat' dir='ltr'>quaedam</span> <span class='ocrx_word' id='word_1_4' title='bbox 645 376 701 417; x_wconf 90' lang='lat' dir='ltr'><strong>de</strong></span> <span class='ocrx_word' id='word_1_5' title='bbox 734 375 835 417; x_wconf 94' lang='lat' dir='ltr'><strong>loco</strong></span> <span class='ocrx_word' id='word_1_6' title='bbox 869 377 1034 418; x_wconf 88' lang='lat' dir='ltr'><strong>diversi</strong></span> <span class='ocrx_word' id='word_1_7' title='bbox 1067 378 1256 431; x_wconf 86' lang='lat' dir='ltr'><strong>generis,</strong></span> <span class='ocrx_word' id='word_1_8' title='bbox 1293 378 1337 418; x_wconf 92' lang='lat' dir='ltr'><strong>in</strong></span> <span class='ocrx_word' id='word_1_9' title='bbox 1367 391 1457 431; x_wconf 92' lang='lat' dir='ltr'><strong>quo</strong></span> <span class='ocrx_word' id='word_1_10' title='bbox 1487 378 1608 418; x_wconf 89' lang='lat' dir='ltr'><strong>nulla</strong></span> <span class='ocrx_word' id='word_1_11' title='bbox 1636 384 1704 419; x_wconf 88' lang='lat' dir='ltr'><strong>est</strong></span> 
     </span>
     <span class='ocr_line' id='line_1_3' title="bbox 40 454 1703 511; baseline -0.001 -11"><span class='ocrx_word' id='word_1_12' title='bbox 40 467 54 509; x_wconf 75' lang='lat' dir='ltr'><em>J</em></span> <span class='ocrx_word' id='word_1_13' title='bbox 99 454 233 510; x_wconf 87' lang='lat' dir='ltr'><strong>culpa</strong></span> <span class='ocrx_word' id='word_1_14' title='bbox 260 455 504 509; x_wconf 89' lang='lat' dir='ltr'><strong>scriptoris,</strong></span> <span class='ocrx_word' id='word_1_15' title='bbox 533 455 703 496; x_wconf 90' lang='lat' dir='ltr'><strong>nullum</strong></span> <span class='ocrx_word' id='word_1_16' title='bbox 732 456 902 498; x_wconf 89' lang='lat' dir='ltr'><strong>librarii</strong></span> <span class='ocrx_word' id='word_1_17' title='bbox 930 457 1103 506; x_wconf 89' lang='lat' dir='ltr'><strong>vitium,</strong></span> <span class='ocrx_word' id='word_1_18' title='bbox 1128 458 1205 511; x_wconf 80' lang='lat' dir='ltr'><strong>qui</strong></span> <span class='ocrx_word' id='word_1_19' title='bbox 1222 462 1376 498; x_wconf 87' lang='lat' dir='ltr'><strong>tamen</strong></span> <span class='ocrx_word' id='word_1_20' title='bbox 1395 463 1463 499; x_wconf 89' lang='lat' dir='ltr'><strong>est</strong></span> <span class='ocrx_word' id='word_1_21' title='bbox 1481 458 1703 499; x_wconf 84' lang='lat' dir='ltr'><strong>eiusmodi</strong></span> 
     </span>
    </p>
   </div>
   <div class='ocr_carea' id='block_1_3' title="bbox 3 534 1702 591">
    <p class='ocr_par' dir='ltr' id='par_1_3' title="bbox 3 519 1702 591">
     <span class='ocr_line' id='line_1_4' title="bbox 3 534 1702 591; baseline 0.001 -15"><span class='ocrx_word' id='word_1_22' title='bbox 3 539 4 542; x_wconf 76' lang='grc'>’</span> <span class='ocrx_word' id='word_1_23' title='bbox 43 557 45 561; x_wconf 84' lang='grc'><em>·</em></span> <span class='ocrx_word' id='word_1_24' title='bbox 97 539 148 577; x_wconf 89' lang='lat' dir='ltr'><strong>ut</strong></span> <span class='ocrx_word' id='word_1_25' title='bbox 174 534 323 576; x_wconf 91' lang='lat' dir='ltr'><strong>obiter</strong></span> <span class='ocrx_word' id='word_1_26' title='bbox 349 534 554 589; x_wconf 85' lang='lat' dir='ltr'><strong>legentes</strong></span> <span class='ocrx_word' id='word_1_27' title='bbox 582 535 711 576; x_wconf 88' lang='lat' dir='ltr'><strong>facile</strong></span> <span class='ocrx_word' id='word_1_28' title='bbox 739 537 783 577; x_wconf 94' lang='lat' dir='ltr'><strong>in</strong></span> <span class='ocrx_word' id='word_1_29' title='bbox 813 550 1012 578; x_wconf 89' lang='lat' dir='ltr'><strong>errorem</strong></span> <span class='ocrx_word' id='word_1_30' title='bbox 1040 537 1217 591; x_wconf 87' lang='lat' dir='ltr'>possint</span> <span class='ocrx_word' id='word_1_31' title='bbox 1245 538 1411 579; x_wconf 91' lang='lat' dir='ltr'><strong>induci.</strong></span> <span class='ocrx_word' id='word_1_32' title='bbox 1432 536 1574 579; x_wconf 86' lang='lat' dir='ltr'><strong>Simul</strong></span> <span class='ocrx_word' id='word_1_33' title='bbox 1594 537 1702 578; x_wconf 91' lang='lat' dir='ltr'><strong>mihi</strong></span> 
     </span>
    </p>
   </div>
   <div class='ocr_carea' id='block_1_4' title="bbox 11 603 1703 671">
    <p class='ocr_par' dir='ltr' id='par_1_4' title="bbox 11 603 1703 671">
     <span class='ocr_line' id='line_1_5' title="bbox 11 603 1703 671; baseline 0.001 -15"><span class='ocrx_word' id='word_1_34' title='bbox 11 603 35 625; x_wconf 44' lang='lat'><strong>¹⁸</strong></span> <span class='ocrx_word' id='word_1_35' title='bbox 54 638 68 653; x_wconf 55' lang='grc' dir='ltr'><em>μ</em></span> <span class='ocrx_word' id='word_1_36' title='bbox 97 614 287 671; x_wconf 89' lang='lat' dir='ltr'><strong>praebet</strong></span> <span class='ocrx_word' id='word_1_37' title='bbox 316 614 580 656; x_wconf 84' lang='lat' dir='ltr'><strong>facultatem</strong></span> <span class='ocrx_word' id='word_1_38' title='bbox 606 616 663 656; x_wconf 90' lang='lat' dir='ltr'><strong>ad</strong></span> <span class='ocrx_word' id='word_1_39' title='bbox 683 616 1010 658; x_wconf 87' lang='lat' dir='ltr'><strong>Woelfflinium</strong></span> <span class='ocrx_word' id='word_1_40' title='bbox 1029 618 1264 666; x_wconf 89' lang='lat' dir='ltr'><strong>redeundi,</strong></span> <span class='ocrx_word' id='word_1_41' title='bbox 1284 631 1309 658; x_wconf 89' lang='lat' dir='ltr'><strong>a</strong></span> <span class='ocrx_word' id='word_1_42' title='bbox 1327 617 1452 658; x_wconf 92' lang='lat' dir='ltr'><strong>cuius</strong></span> <span class='ocrx_word' id='word_1_43' title='bbox 1471 618 1703 671; x_wconf 87' lang='lat' dir='ltr'><strong>praeclaro</strong></span> 
     </span>
    </p>
   </div>
   <div class='ocr_carea' id='block_1_5' title="bbox 10 680 1636 752">
    <p class='ocr_par' dir='ltr' id='par_1_5' title="bbox 10 676 1636 752">
     <span class='ocr_line' id='line_1_6' title="bbox 10 680 1636 752; baseline 0 -14"><span class='ocrx_word' id='word_1_44' title='bbox 10 680 34 702; x_wconf 45' lang='lat'><strong>&#39;⁵&#39;</strong></span> <span class='ocrx_word' id='word_1_45' title='bbox 98 695 288 738; x_wconf 85' lang='lat' dir='ltr'><strong>invento</strong></span> <span class='ocrx_word' id='word_1_46' title='bbox 321 701 421 737; x_wconf 92' lang='lat' dir='ltr'><strong>tota</strong></span> <span class='ocrx_word' id='word_1_47' title='bbox 453 695 565 736; x_wconf 89' lang='lat' dir='ltr'><strong>haec</strong></span> <span class='ocrx_word' id='word_1_48' title='bbox 601 701 669 736; x_wconf 89' lang='lat' dir='ltr'><strong>est</strong></span> <span class='ocrx_word' id='word_1_49' title='bbox 702 696 907 750; x_wconf 90' lang='lat' dir='ltr'><strong>profecta</strong></span> <span class='ocrx_word' id='word_1_50' title='bbox 941 688 1205 751; x_wconf 84' lang='lat' dir='ltr'><strong>disputatio.</strong></span> <span class='ocrx_word' id='word_1_51' title='bbox 1240 697 1323 738; x_wconf 88' lang='lat' dir='ltr'><strong>Est</strong></span> <span class='ocrx_word' id='word_1_52' title='bbox 1358 697 1416 738; x_wconf 90' lang='lat' dir='ltr'><strong>H.</strong></span> <span class='ocrx_word' id='word_1_53' title='bbox 1451 697 1532 746; x_wconf 92' lang='lat' dir='ltr'><strong>IV,</strong></span> <span class='ocrx_word' id='word_1_54' title='bbox 1567 708 1636 752; x_wconf 87' lang='lat'><strong>79.</strong></span> 
     </span>
    </p>
   </div>
   <div class='ocr_carea' id='block_1_6' title="bbox 157 775 1703 830">
    <p class='ocr_par' dir='ltr' id='par_1_6' title="bbox 4 775 1703 830">
     <span class='ocr_line' id='line_1_7' title="bbox 157 775 1703 830; baseline 0.001 -13.82"><span class='ocrx_word' id='word_1_55' title='bbox 157 775 521 830; x_wconf 84' lang='lat' dir='ltr'><strong>Agrippinenses</strong></span> <span class='ocrx_word' id='word_1_56' title='bbox 538 776 754 817; x_wconf 87' lang='lat' dir='ltr'><strong>auxilium</strong></span> <span class='ocrx_word' id='word_1_57' title='bbox 775 776 996 830; x_wconf 89' lang='lat' dir='ltr'><strong>petebant</strong></span> <span class='ocrx_word' id='word_1_58' title='bbox 1014 790 1040 818; x_wconf 90' lang='lat' dir='ltr'><strong>a</strong></span> <span class='ocrx_word' id='word_1_59' title='bbox 1058 776 1243 818; x_wconf 87' lang='lat' dir='ltr'><strong>Cereale</strong></span> <span class='ocrx_word' id='word_1_60' title='bbox 1254 795 1263 827; x_wconf 88' lang='lat'>;</span> <span class='ocrx_word' id='word_1_61' title='bbox 1284 777 1465 818; x_wconf 86' lang='lat' dir='ltr'><strong>interim</strong></span> <span class='ocrx_word' id='word_1_62' title='bbox 1479 777 1567 818; x_wconf 88' lang='lat' dir='ltr'><strong>iam</strong></span> <span class='ocrx_word' id='word_1_63' title='bbox 1582 791 1703 818; x_wconf 90' lang='lat' dir='ltr'><strong>com-</strong></span> 
     </span>
    </p>
   </div>
   <div class='ocr_carea' id='block_1_7' title="bbox 21 855 1703 916">
    <p class='ocr_par' dir='ltr' id='par_1_7' title="bbox 21 855 1703 916">
     <span class='ocr_line' id='line_1_8' title="bbox 21 855 1703 916; baseline 0.001 -19"><span class='ocrx_word' id='word_1_64' title='bbox 21 855 51 916; x_wconf 48' lang='lat' dir='ltr'>J</span> <span class='ocrx_word' id='word_1_65' title='bbox 101 855 317 897; x_wconf 88' lang='lat' dir='ltr'><strong>miserant</strong></span> <span class='ocrx_word' id='word_1_66' title='bbox 349 856 395 897; x_wconf 93' lang='lat' dir='ltr'><strong>id</strong></span> <span class='ocrx_word' id='word_1_67' title='bbox 429 857 553 910; x_wconf 92' lang='lat' dir='ltr'><strong>quod</strong></span> <span class='ocrx_word' id='word_1_68' title='bbox 581 856 792 897; x_wconf 87' lang='lat' dir='ltr'><strong>effecerat</strong></span> <span class='ocrx_word' id='word_1_69' title='bbox 822 862 872 897; x_wconf 91' lang='lat' dir='ltr'><strong>ut</strong></span> <span class='ocrx_word' id='word_1_70' title='bbox 900 870 1048 911; x_wconf 91' lang='lat' dir='ltr'><strong>neque</strong></span> <span class='ocrx_word' id='word_1_71' title='bbox 1076 857 1226 898; x_wconf 91' lang='lat' dir='ltr'><strong>denuo</strong></span> <span class='ocrx_word' id='word_1_72' title='bbox 1254 871 1356 898; x_wconf 93' lang='lat' dir='ltr'><strong>cum</strong></span> <span class='ocrx_word' id='word_1_73' title='bbox 1385 856 1527 898; x_wconf 90' lang='lat' dir='ltr'><strong>Civile</strong></span> <span class='ocrx_word' id='word_1_74' title='bbox 1556 857 1703 898; x_wconf 90' lang='lat' dir='ltr'><strong>facere</strong></span> 
     </span>
    </p>
   </div>
   <div class='ocr_carea' id='block_1_8' title="bbox 99 936 1701 991">
    <p class='ocr_par' dir='ltr' id='par_1_8' title="bbox 10 927 1701 991">
     <span class='ocr_line' id='line_1_9' title="bbox 99 936 1701 991; baseline 0.003 -17.737"><span class='ocrx_word' id='word_1_75' title='bbox 99 942 288 991; x_wconf 90' lang='lat' dir='ltr'><strong>possent</strong></span> <span class='ocrx_word' id='word_1_76' title='bbox 316 941 362 977; x_wconf 91' lang='lat' dir='ltr'><strong>et</strong></span> <span class='ocrx_word' id='word_1_77' title='bbox 387 936 504 977; x_wconf 89' lang='lat' dir='ltr'><strong>illius</strong></span> <span class='ocrx_word' id='word_1_78' title='bbox 533 936 845 978; x_wconf 89' lang='lat' dir='ltr'><strong>Romanorum</strong></span> <span class='ocrx_word' id='word_1_79' title='bbox 873 937 1027 978; x_wconf 82' lang='lat' dir='ltr'><strong>auxilii</strong></span> <span class='ocrx_word' id='word_1_80' title='bbox 1049 950 1186 991; x_wconf 90' lang='lat' dir='ltr'><strong>quam</strong></span> <span class='ocrx_word' id='word_1_81' title='bbox 1206 938 1403 978; x_wconf 86' lang='lat' dir='ltr'><strong>maxime</strong></span> <span class='ocrx_word' id='word_1_82' title='bbox 1421 938 1701 991; x_wconf 86' lang='lat' dir='ltr'><strong>indigerent:</strong></span> 
     </span>
    </p>
   </div>
   <div class='ocr_carea' id='block_1_9' title="bbox 0 0 90 1580">
    <p class='ocr_par' dir='ltr' id='par_1_9' title="bbox 0 0 90 1580">
     <span class='ocr_line' id='line_1_10' title="bbox 0 0 90 1580; baseline 0 0"><span class='ocrx_word' id='word_1_83' title='bbox 0 0 90 1580; x_wconf 95' lang='lat' dir='ltr'><strong> </strong></span> 
     </span>
    </p>
   </div>
   <div class='ocr_carea' id='block_1_10' title="bbox 8 1014 1704 1635">
    <p class='ocr_par' dir='ltr' id='par_1_10' title="bbox 8 1014 1704 1635">
     <span class='ocr_line' id='line_1_11' title="bbox 101 1014 1702 1072; baseline 0.001 -15"><span class='ocrx_word' id='word_1_84' title='bbox 101 1014 353 1058; x_wconf 88' lang='lat' dir='ltr'><strong>Germanos</strong></span> <span class='ocrx_word' id='word_1_85' title='bbox 370 1016 491 1057; x_wconf 91' lang='lat' dir='ltr'><strong>enim</strong></span> <span class='ocrx_word' id='word_1_86' title='bbox 509 1016 731 1070; x_wconf 83' lang='lat' dir='ltr'><strong>dispersos</strong></span> <span class='ocrx_word' id='word_1_87' title='bbox 748 1017 793 1057; x_wconf 87' lang='lat' dir='ltr'><strong>in</strong></span> <span class='ocrx_word' id='word_1_88' title='bbox 805 1016 1003 1058; x_wconf 79' lang='lat' dir='ltr'><strong>domibus</strong></span> <span class='ocrx_word' id='word_1_89' title='bbox 1015 1018 1367 1058; x_wconf 87' lang='lat' dir='ltr'><strong>trucidaverant.</strong></span> <span class='ocrx_word' id='word_1_90' title='bbox 1382 1017 1483 1059; x_wconf 90' lang='lat' dir='ltr'><strong>Hoc</strong></span> <span class='ocrx_word' id='word_1_91' title='bbox 1497 1024 1565 1059; x_wconf 91' lang='lat' dir='ltr'><strong>est</strong></span> <span class='ocrx_word' id='word_1_92' title='bbox 1579 1019 1702 1072; x_wconf 93' lang='lat' dir='ltr'><strong>quod</strong></span> 
     </span>
     <span class='ocr_line' id='line_1_12' title="bbox 16 1078 1701 1151; baseline 0.001 -13"><span class='ocrx_word' id='word_1_93' title='bbox 16 1078 40 1123; x_wconf 12' lang='grc' dir='ltr'><strong>’.Ἲ-</strong></span> <span class='ocrx_word' id='word_1_94' title='bbox 99 1096 370 1138; x_wconf 87' lang='lat' dir='ltr'><strong>nostratium</strong></span> <span class='ocrx_word' id='word_1_95' title='bbox 388 1096 631 1151; x_wconf 87' lang='lat' dir='ltr'><strong>proverbio</strong></span> <span class='ocrx_word' id='word_1_96' title='bbox 650 1096 834 1138; x_wconf 91' lang='lat' dir='ltr'><strong>dicitur:</strong></span> <span class='ocrx_word' id='word_1_97' title='bbox 845 1105 959 1151; x_wconf 90' lang='lat' dir='ltr'><strong>pone</strong></span> <span class='ocrx_word' id='word_1_98' title='bbox 975 1105 1151 1151; x_wconf 84' lang='lat' dir='ltr'><strong>tergum</strong></span> <span class='ocrx_word' id='word_1_99' title='bbox 1170 1111 1303 1139; x_wconf 88' lang='lat' dir='ltr'><strong>naves</strong></span> <span class='ocrx_word' id='word_1_100' title='bbox 1318 1112 1424 1139; x_wconf 89' lang='lat' dir='ltr'><strong>suas</strong></span> <span class='ocrx_word' id='word_1_101' title='bbox 1435 1098 1701 1139; x_wconf 78' lang='lat' dir='ltr'><strong>comburere.</strong></span> 
     </span>
     <span class='ocr_line' id='line_1_13' title="bbox 8 1158 1703 1233; baseline 0 -13"><span class='ocrx_word' id='word_1_102' title='bbox 8 1158 14 1166; x_wconf 33' lang='lat'><strong>⁴</strong></span> <span class='ocrx_word' id='word_1_103' title='bbox 86 1176 270 1220; x_wconf 32' lang='lat' dir='ltr'><strong>*Cavete</strong></span> <span class='ocrx_word' id='word_1_104' title='bbox 304 1191 423 1219; x_wconf 90' lang='lat' dir='ltr'><strong>nunc</strong></span> <span class='ocrx_word' id='word_1_105' title='bbox 455 1178 540 1220; x_wconf 89' lang='lat' dir='ltr'><strong>sibi</strong></span> <span class='ocrx_word' id='word_1_106' title='bbox 569 1178 803 1220; x_wconf 89' lang='lat' dir='ltr'><strong>debebant</strong></span> <span class='ocrx_word' id='word_1_107' title='bbox 832 1179 1093 1232; x_wconf 88' lang='lat' dir='ltr'><strong>priusquam</strong></span> <span class='ocrx_word' id='word_1_108' title='bbox 1122 1193 1147 1219; x_wconf 90' lang='lat' dir='ltr'><strong>a</strong></span> <span class='ocrx_word' id='word_1_109' title='bbox 1175 1178 1303 1220; x_wconf 89' lang='lat' dir='ltr'><strong>clade</strong></span> <span class='ocrx_word' id='word_1_110' title='bbox 1330 1184 1521 1233; x_wconf 86' lang='lat' dir='ltr'><strong>accepta</strong></span> <span class='ocrx_word' id='word_1_111' title='bbox 1549 1179 1703 1220; x_wconf 88' lang='lat' dir='ltr'><strong>hostes</strong></span> 
     </span>
     <span class='ocr_line' id='line_1_14' title="bbox 97 1257 1703 1313; baseline 0 -13"><span class='ocrx_word' id='word_1_112' title='bbox 97 1257 345 1313; x_wconf 88' lang='lat' dir='ltr'><strong>(Germani)</strong></span> <span class='ocrx_word' id='word_1_113' title='bbox 383 1258 628 1312; x_wconf 84' lang='lat' dir='ltr'><strong>„reparatis</strong></span> <span class='ocrx_word' id='word_1_114' title='bbox 662 1257 831 1298; x_wconf 90' lang='lat' dir='ltr'><strong>viribus</strong></span> <span class='ocrx_word' id='word_1_115' title='bbox 863 1258 921 1299; x_wconf 86' lang='lat' dir='ltr'><strong>ad</strong></span> <span class='ocrx_word' id='word_1_116' title='bbox 956 1271 1085 1312; x_wconf 85' lang='lat' dir='ltr'><strong>spem</strong></span> <span class='ocrx_word' id='word_1_117' title='bbox 1119 1258 1191 1299; x_wconf 89' lang='lat' dir='ltr'><strong>vel</strong></span> <span class='ocrx_word' id='word_1_118' title='bbox 1219 1259 1276 1299; x_wconf 90' lang='lat' dir='ltr'><strong>ad</strong></span> <span class='ocrx_word' id='word_1_119' title='bbox 1306 1258 1526 1299; x_wconf 88' lang='lat' dir='ltr'><strong>ultionem</strong></span> <span class='ocrx_word' id='word_1_120' title='bbox 1555 1259 1703 1300; x_wconf 87' lang='lat' dir='ltr'><strong>accin-</strong></span> 
     </span>
     <span class='ocr_line' id='line_1_15' title="bbox 97 1337 1702 1394; baseline 0 -14"><span class='ocrx_word' id='word_1_121' title='bbox 97 1337 356 1394; x_wconf 86' lang='lat' dir='ltr'><strong>gerentur”.</strong></span> <span class='ocrx_word' id='word_1_122' title='bbox 390 1338 602 1392; x_wconf 90' lang='lat' dir='ltr'><strong>Namque</strong></span> <span class='ocrx_word' id='word_1_123' title='bbox 635 1338 724 1379; x_wconf 88' lang='lat' dir='ltr'><strong>iam</strong></span> <span class='ocrx_word' id='word_1_124' title='bbox 759 1337 996 1379; x_wconf 90' lang='lat' dir='ltr'><strong>Coloniam</strong></span> <span class='ocrx_word' id='word_1_125' title='bbox 1031 1339 1282 1381; x_wconf 72' lang='lat' dir='ltr'><strong>intenderat</strong></span> <span class='ocrx_word' id='word_1_126' title='bbox 1313 1339 1355 1393; x_wconf 93' lang='lat' dir='ltr'><strong>(i.</strong></span> <span class='ocrx_word' id='word_1_127' title='bbox 1391 1353 1428 1379; x_wconf 92' lang='lat' dir='ltr'><strong>e.</strong></span> <span class='ocrx_word' id='word_1_128' title='bbox 1464 1339 1702 1380; x_wconf 85' lang='lat' dir='ltr'><strong>consilium</strong></span> 
     </span>
     <span class='ocr_line' id='line_1_16' title="bbox 97 1417 1702 1473; baseline 0 -13"><span class='ocrx_word' id='word_1_129' title='bbox 97 1423 284 1473; x_wconf 87' lang='lat' dir='ltr'><strong>ceperat</strong></span> <span class='ocrx_word' id='word_1_130' title='bbox 311 1432 367 1459; x_wconf 90' lang='lat' dir='ltr'><strong>eo</strong></span> <span class='ocrx_word' id='word_1_131' title='bbox 395 1418 549 1472; x_wconf 91' lang='lat' dir='ltr'><strong>eundi)</strong></span> <span class='ocrx_word' id='word_1_132' title='bbox 577 1417 731 1460; x_wconf 86' lang='lat' dir='ltr'><strong>Civilis</strong></span> <span class='ocrx_word' id='word_1_133' title='bbox 758 1431 860 1458; x_wconf 94' lang='lat' dir='ltr'><strong>cum</strong></span> <span class='ocrx_word' id='word_1_134' title='bbox 890 1418 1078 1459; x_wconf 84' lang='lat' dir='ltr'><strong>cohorte</strong></span> <span class='ocrx_word' id='word_1_135' title='bbox 1107 1419 1284 1472; x_wconf 87' lang='lat' dir='ltr'><strong>integra</strong></span> <span class='ocrx_word' id='word_1_136' title='bbox 1305 1418 1503 1472; x_wconf 90' lang='lat' dir='ltr'><strong>bellique</strong></span> <span class='ocrx_word' id='word_1_137' title='bbox 1522 1419 1702 1473; x_wconf 85' lang='lat' dir='ltr'><strong>cupida,</strong></span> 
     </span>
     <span class='ocr_line' id='line_1_17' title="bbox 97 1497 1703 1554; baseline 0 -14"><span class='ocrx_word' id='word_1_138' title='bbox 97 1512 215 1554; x_wconf 87' lang='lat' dir='ltr'><strong>quae</strong></span> <span class='ocrx_word' id='word_1_139' title='bbox 242 1498 449 1540; x_wconf 90' lang='lat' dir='ltr'><strong>Tolbiaci</strong></span> <span class='ocrx_word' id='word_1_140' title='bbox 478 1498 658 1553; x_wconf 87' lang='lat' dir='ltr'><strong>agebat.</strong></span> <span class='ocrx_word' id='word_1_141' title='bbox 689 1497 780 1539; x_wconf 85' lang='lat' dir='ltr'><strong>Sed</strong></span> <span class='ocrx_word' id='word_1_142' title='bbox 809 1499 950 1539; x_wconf 89' lang='lat' dir='ltr'><strong>tristis</strong></span> <span class='ocrx_word' id='word_1_143' title='bbox 977 1499 1161 1539; x_wconf 87' lang='lat' dir='ltr'><strong>nuntius</strong></span> <span class='ocrx_word' id='word_1_144' title='bbox 1189 1512 1292 1539; x_wconf 90' lang='lat' dir='ltr'><strong>eum</strong></span> <span class='ocrx_word' id='word_1_145' title='bbox 1319 1498 1378 1539; x_wconf 88' lang='lat' dir='ltr'><strong>ab</strong></span> <span class='ocrx_word' id='word_1_146' title='bbox 1406 1498 1493 1539; x_wconf 90' lang='lat' dir='ltr'><strong>hoc</strong></span> <span class='ocrx_word' id='word_1_147' title='bbox 1511 1499 1703 1540; x_wconf 84' lang='lat' dir='ltr'><strong>abduxit</strong></span> 
     </span>
     <span class='ocr_line' id='line_1_18' title="bbox 97 1578 1704 1635; baseline -0.001 -14"><span class='ocrx_word' id='word_1_148' title='bbox 97 1579 354 1635; x_wconf 87' lang='lat' dir='ltr'><strong>proposito:</strong></span> <span class='ocrx_word' id='word_1_149' title='bbox 384 1579 584 1620; x_wconf 85' lang='lat' dir='ltr'><strong>deletam</strong></span> <span class='ocrx_word' id='word_1_150' title='bbox 612 1579 849 1619; x_wconf 89' lang='lat' dir='ltr'><strong>cohortem</strong></span> <span class='ocrx_word' id='word_1_151' title='bbox 876 1578 974 1620; x_wconf 85' lang='lat' dir='ltr'><strong>dolo</strong></span> <span class='ocrx_word' id='word_1_152' title='bbox 999 1579 1407 1633; x_wconf 77' lang='lat' dir='ltr'><strong>Agrippinensium,</strong></span> <span class='ocrx_word' id='word_1_153' title='bbox 1436 1579 1513 1632; x_wconf 92' lang='lat' dir='ltr'><strong>qui</strong></span> <span class='ocrx_word' id='word_1_154' title='bbox 1545 1579 1704 1633; x_wconf 85' lang='lat' dir='ltr'><strong>„largis</strong></span> 
     </span>
    </p>
   </div>
   <div class='ocr_carea' id='block_1_11' title="bbox 0 1658 1703 1716">
    <p class='ocr_par' dir='ltr' id='par_1_11' title="bbox 0 1658 1703 1716">
     <span class='ocr_line' id='line_1_19' title="bbox 0 1658 1703 1716; baseline -0.001 -16"><span class='ocrx_word' id='word_1_155' title='bbox 0 1702 5 1716; x_wconf 32' lang='grc' dir='ltr'><strong>ἶ</strong></span> <span class='ocrx_word' id='word_1_156' title='bbox 98 1658 243 1714; x_wconf 91' lang='lat' dir='ltr'><strong>epulis</strong></span> <span class='ocrx_word' id='word_1_157' title='bbox 274 1659 473 1713; x_wconf 79' lang='lat' dir='ltr'><strong>vinoque</strong></span> <span class='ocrx_word' id='word_1_158' title='bbox 505 1659 680 1713; x_wconf 88' lang='lat' dir='ltr'><strong>sopitos</strong></span> <span class='ocrx_word' id='word_1_159' title='bbox 708 1658 973 1708; x_wconf 89' lang='lat' dir='ltr'><strong>Germanos,</strong></span> <span class='ocrx_word' id='word_1_160' title='bbox 1003 1658 1163 1700; x_wconf 89' lang='lat' dir='ltr'><strong>clausis</strong></span> <span class='ocrx_word' id='word_1_161' title='bbox 1192 1659 1373 1708; x_wconf 89' lang='lat' dir='ltr'><strong>foribus,</strong></span> <span class='ocrx_word' id='word_1_162' title='bbox 1403 1660 1506 1713; x_wconf 90' lang='lat' dir='ltr'><strong>igne</strong></span> <span class='ocrx_word' id='word_1_163' title='bbox 1535 1658 1703 1700; x_wconf 91' lang='lat' dir='ltr'><strong>iniecto</strong></span> 
     </span>
    </p>
   </div>
   <div class='ocr_carea' id='block_1_12' title="bbox 96 1738 1703 2833">
    <p class='ocr_par' dir='ltr' id='par_1_12' title="bbox 96 1738 1703 2833">
     <span class='ocr_line' id='line_1_20' title="bbox 98 1738 1703 1793; baseline -0.001 -11"><span class='ocrx_word' id='word_1_164' title='bbox 98 1738 401 1782; x_wconf 81' lang='lat' dir='ltr'><strong>cremavere’&#39;.</strong></span> <span class='ocrx_word' id='word_1_165' title='bbox 432 1739 567 1780; x_wconf 89' lang='lat' dir='ltr'><strong>Haud</strong></span> <span class='ocrx_word' id='word_1_166' title='bbox 596 1738 733 1780; x_wconf 92' lang='lat' dir='ltr'><strong>dubie</strong></span> <span class='ocrx_word' id='word_1_167' title='bbox 763 1739 819 1779; x_wconf 89' lang='lat' dir='ltr'><strong>de</strong></span> <span class='ocrx_word' id='word_1_168' title='bbox 848 1738 1017 1793; x_wconf 93' lang='lat' dir='ltr'><strong>duplici</strong></span> <span class='ocrx_word' id='word_1_169' title='bbox 1047 1739 1379 1780; x_wconf 89' lang='lat' dir='ltr'><strong>Germanorum</strong></span> <span class='ocrx_word' id='word_1_170' title='bbox 1397 1740 1536 1780; x_wconf 87' lang='lat' dir='ltr'><strong>caede</strong></span> <span class='ocrx_word' id='word_1_171' title='bbox 1555 1753 1703 1780; x_wconf 91' lang='lat' dir='ltr'><strong>sermo</strong></span> 
     </span>
     <span class='ocr_line' id='line_1_21' title="bbox 98 1819 1703 1874; baseline -0.001 -12"><span class='ocrx_word' id='word_1_172' title='bbox 98 1820 172 1862; x_wconf 92' lang='lat' dir='ltr'><strong>hic</strong></span> <span class='ocrx_word' id='word_1_173' title='bbox 211 1825 294 1870; x_wconf 86' lang='lat' dir='ltr'><strong>est,</strong></span> <span class='ocrx_word' id='word_1_174' title='bbox 327 1833 433 1861; x_wconf 87' lang='lat' dir='ltr'><strong>nam</strong></span> <span class='ocrx_word' id='word_1_175' title='bbox 466 1820 614 1874; x_wconf 89' lang='lat' dir='ltr'><strong>primo</strong></span> <span class='ocrx_word' id='word_1_176' title='bbox 645 1819 816 1860; x_wconf 84' lang='lat' dir='ltr'><strong>diversi</strong></span> <span class='ocrx_word' id='word_1_177' title='bbox 844 1820 1062 1861; x_wconf 85' lang='lat' dir='ltr'><strong>trucidati</strong></span> <span class='ocrx_word' id='word_1_178' title='bbox 1092 1819 1306 1860; x_wconf 88' lang='lat' dir='ltr'><strong>Germani</strong></span> <span class='ocrx_word' id='word_1_179' title='bbox 1339 1820 1563 1869; x_wconf 89' lang='lat' dir='ltr'><strong>dicuntur,</strong></span> <span class='ocrx_word' id='word_1_180' title='bbox 1598 1819 1703 1860; x_wconf 89' lang='lat' dir='ltr'><strong>dein</strong></span> 
     </span>
     <span class='ocr_line' id='line_1_22' title="bbox 97 1898 1703 1953; baseline -0.001 -11"><span class='ocrx_word' id='word_1_181' title='bbox 97 1900 334 1949; x_wconf 79' lang='lat' dir='ltr'><strong>cohortem</strong></span> <span class='ocrx_word' id='word_1_182' title='bbox 367 1905 616 1941; x_wconf 89' lang='lat' dir='ltr'><strong>crematam</strong></span> <span class='ocrx_word' id='word_1_183' title='bbox 650 1899 822 1940; x_wconf 88' lang='lat' dir='ltr'><strong>foribus</strong></span> <span class='ocrx_word' id='word_1_184' title='bbox 854 1898 1016 1940; x_wconf 85' lang='lat' dir='ltr'><strong>clausis</strong></span> <span class='ocrx_word' id='word_1_185' title='bbox 1043 1898 1248 1953; x_wconf 86' lang='lat' dir='ltr'><strong>legimus,</strong></span> <span class='ocrx_word' id='word_1_186' title='bbox 1281 1900 1357 1940; x_wconf 94' lang='lat' dir='ltr'><strong>ubi</strong></span> <span class='ocrx_word' id='word_1_187' title='bbox 1391 1914 1498 1953; x_wconf 85' lang='lat' dir='ltr'><strong>ergo</strong></span> <span class='ocrx_word' id='word_1_188' title='bbox 1527 1901 1583 1941; x_wconf 90' lang='lat' dir='ltr'><strong>de</strong></span> <span class='ocrx_word' id='word_1_189' title='bbox 1612 1914 1703 1941; x_wconf 94' lang='lat' dir='ltr'><strong>uno</strong></span> 
     </span>
     <span class='ocr_line' id='line_1_23' title="bbox 96 1979 1701 2033; baseline -0.001 -10"><span class='ocrx_word' id='word_1_190' title='bbox 96 1981 418 2023; x_wconf 90' lang='lat' dir='ltr'><strong>tantummodo</strong></span> <span class='ocrx_word' id='word_1_191' title='bbox 445 1994 595 2021; x_wconf 89' lang='lat' dir='ltr'><strong>sermo</strong></span> <span class='ocrx_word' id='word_1_192' title='bbox 623 1985 691 2021; x_wconf 90' lang='lat' dir='ltr'><strong>est</strong></span> <span class='ocrx_word' id='word_1_193' title='bbox 719 1979 942 2020; x_wconf 87' lang='lat' dir='ltr'><strong>aedificio.</strong></span> <span class='ocrx_word' id='word_1_194' title='bbox 971 1979 1117 2033; x_wconf 90' lang='lat' dir='ltr'><strong>Atqui</strong></span> <span class='ocrx_word' id='word_1_195' title='bbox 1147 1979 1310 2020; x_wconf 86' lang='lat' dir='ltr'><strong>hostile</strong></span> <span class='ocrx_word' id='word_1_196' title='bbox 1338 1979 1511 2020; x_wconf 87' lang='lat' dir='ltr'><strong>facinus</strong></span> <span class='ocrx_word' id='word_1_197' title='bbox 1532 1995 1560 2021; x_wconf 85' lang='lat' dir='ltr'><em>a</em></span> <span class='ocrx_word' id='word_1_198' title='bbox 1582 1980 1701 2022; x_wconf 83' lang='lat' dir='ltr'><em>Colo-</em></span> 
     </span>
     <span class='ocr_line' id='line_1_24' title="bbox 96 2059 1702 2113; baseline -0.002 -9"><span class='ocrx_word' id='word_1_199' title='bbox 96 2063 196 2104; x_wconf 85' lang='lat' dir='ltr'><strong>niae</strong></span> <span class='ocrx_word' id='word_1_200' title='bbox 221 2061 374 2104; x_wconf 84' lang='lat' dir='ltr'><strong>incolis</strong></span> <span class='ocrx_word' id='word_1_201' title='bbox 394 2061 610 2102; x_wconf 88' lang='lat' dir='ltr'><strong>adversus</strong></span> <span class='ocrx_word' id='word_1_202' title='bbox 635 2060 886 2102; x_wconf 88' lang='lat' dir='ltr'><strong>Germanos</strong></span> <span class='ocrx_word' id='word_1_203' title='bbox 904 2059 1196 2101; x_wconf 86' lang='lat' dir='ltr'><strong>commissum</strong></span> <span class='ocrx_word' id='word_1_204' title='bbox 1214 2060 1365 2113; x_wconf 89' lang='lat' dir='ltr'><strong>potius</strong></span> <span class='ocrx_word' id='word_1_205' title='bbox 1384 2073 1438 2100; x_wconf 91' lang='lat' dir='ltr'><strong>eo</strong></span> <span class='ocrx_word' id='word_1_206' title='bbox 1456 2060 1702 2100; x_wconf 86' lang='lat' dir='ltr'><strong>advocatu-</strong></span> 
     </span>
     <span class='ocr_line' id='line_1_25' title="bbox 97 2139 1702 2194; baseline -0.001 -10"><span class='ocrx_word' id='word_1_207' title='bbox 97 2155 196 2184; x_wconf 93' lang='lat' dir='ltr'><strong>rum</strong></span> <span class='ocrx_word' id='word_1_208' title='bbox 228 2147 325 2183; x_wconf 88' lang='lat' dir='ltr'><strong>erat</strong></span> <span class='ocrx_word' id='word_1_209' title='bbox 357 2141 550 2183; x_wconf 91' lang='lat' dir='ltr'><strong>Civilem</strong></span> <span class='ocrx_word' id='word_1_210' title='bbox 583 2154 720 2194; x_wconf 86' lang='lat' dir='ltr'><strong>quam</strong></span> <span class='ocrx_word' id='word_1_211' title='bbox 753 2141 859 2181; x_wconf 91' lang='lat' dir='ltr'><strong>inde</strong></span> <span class='ocrx_word' id='word_1_212' title='bbox 893 2153 1169 2180; x_wconf 86' lang='lat' dir='ltr'><strong>aversurum.</strong></span> <span class='ocrx_word' id='word_1_213' title='bbox 1201 2139 1375 2181; x_wconf 88' lang='lat' dir='ltr'><strong>Cohors</strong></span> <span class='ocrx_word' id='word_1_214' title='bbox 1402 2140 1478 2181; x_wconf 89' lang='lat' dir='ltr'><strong>illa</strong></span> <span class='ocrx_word' id='word_1_215' title='bbox 1504 2149 1702 2182; x_wconf 84' lang='lat' dir='ltr'><strong>cremata</strong></span> 
     </span>
     <span class='ocr_line' id='line_1_26' title="bbox 97 2219 1701 2276; baseline -0.001 -12"><span class='ocrx_word' id='word_1_216' title='bbox 97 2223 258 2264; x_wconf 90' lang='lat' dir='ltr'><strong>eadem</strong></span> <span class='ocrx_word' id='word_1_217' title='bbox 291 2228 359 2263; x_wconf 89' lang='lat' dir='ltr'><strong>est</strong></span> <span class='ocrx_word' id='word_1_218' title='bbox 391 2235 586 2276; x_wconf 84' lang='lat' dir='ltr'><strong>quacum</strong></span> <span class='ocrx_word' id='word_1_219' title='bbox 619 2220 855 2262; x_wconf 90' lang='lat' dir='ltr'><strong>Coloniam</strong></span> <span class='ocrx_word' id='word_1_220' title='bbox 888 2220 1147 2260; x_wconf 90' lang='lat' dir='ltr'><strong>tetenderat</strong></span> <span class='ocrx_word' id='word_1_221' title='bbox 1181 2219 1351 2269; x_wconf 89' lang='lat' dir='ltr'><strong>Civilis;</strong></span> <span class='ocrx_word' id='word_1_222' title='bbox 1390 2226 1615 2261; x_wconf 89' lang='lat' dir='ltr'><strong>crematur</strong></span> <span class='ocrx_word' id='word_1_223' title='bbox 1649 2234 1701 2262; x_wconf 89' lang='lat' dir='ltr'><strong>ea</strong></span> 
     </span>
     <span class='ocr_line' id='line_1_27' title="bbox 98 2299 1700 2355; baseline -0.001 -12"><span class='ocrx_word' id='word_1_224' title='bbox 98 2302 318 2351; x_wconf 90' lang='lat' dir='ltr'><strong>Tolbiaci,</strong></span> <span class='ocrx_word' id='word_1_225' title='bbox 352 2302 432 2342; x_wconf 88' lang='lat' dir='ltr'><strong>sed</strong></span> <span class='ocrx_word' id='word_1_226' title='bbox 465 2301 561 2343; x_wconf 83' lang='lat' dir='ltr'><em>dolo</em></span> <span class='ocrx_word' id='word_1_227' title='bbox 592 2300 987 2355; x_wconf 79' lang='lat' dir='ltr'><strong>Agrippinensium</strong></span> <span class='ocrx_word' id='word_1_228' title='bbox 1022 2299 1130 2340; x_wconf 91' lang='lat' dir='ltr'><strong>illud</strong></span> <span class='ocrx_word' id='word_1_229' title='bbox 1166 2299 1335 2340; x_wconf 89' lang='lat' dir='ltr'><strong>factum</strong></span> <span class='ocrx_word' id='word_1_230' title='bbox 1368 2305 1491 2340; x_wconf 91' lang='lat' dir='ltr'><strong>recte</strong></span> <span class='ocrx_word' id='word_1_231' title='bbox 1524 2301 1700 2350; x_wconf 89' lang='lat' dir='ltr'><strong>dicitur,</strong></span> 
     </span>
     <span class='ocr_line' id='line_1_28' title="bbox 98 2380 1702 2437; baseline -0.001 -14"><span class='ocrx_word' id='word_1_232' title='bbox 98 2383 314 2437; x_wconf 87' lang='lat' dir='ltr'><strong>quoniam</strong></span> <span class='ocrx_word' id='word_1_233' title='bbox 357 2382 402 2422; x_wconf 91' lang='lat' dir='ltr'><strong>in</strong></span> <span class='ocrx_word' id='word_1_234' title='bbox 434 2381 603 2437; x_wconf 86' lang='lat' dir='ltr'><strong>finibus</strong></span> <span class='ocrx_word' id='word_1_235' title='bbox 645 2380 1039 2435; x_wconf 81' lang='lat' dir='ltr'><strong>Agrippinensium</strong></span> <span class='ocrx_word' id='word_1_236' title='bbox 1083 2380 1220 2420; x_wconf 84' lang='lat' dir='ltr'><strong>situm</strong></span> <span class='ocrx_word' id='word_1_237' title='bbox 1253 2386 1321 2420; x_wconf 87' lang='lat' dir='ltr'><strong>est</strong></span> <span class='ocrx_word' id='word_1_238' title='bbox 1354 2380 1622 2421; x_wconf 88' lang='lat' dir='ltr'><strong>Tolbiacum</strong></span> <span class='ocrx_word' id='word_1_239' title='bbox 1656 2386 1702 2422; x_wconf 92' lang='lat' dir='ltr'><strong>et</strong></span> 
     </span>
     <span class='ocr_line' id='line_1_29' title="bbox 98 2459 1700 2515; baseline -0.001 -12"><span class='ocrx_word' id='word_1_240' title='bbox 98 2462 422 2504; x_wconf 86' lang='lat' dir='ltr'><strong>Tolbiacenses</strong></span> <span class='ocrx_word' id='word_1_241' title='bbox 463 2461 547 2515; x_wconf 86' lang='lat' dir='ltr'><strong>ipsi</strong></span> <span class='ocrx_word' id='word_1_242' title='bbox 590 2466 694 2501; x_wconf 90' lang='lat' dir='ltr'><strong>sunt</strong></span> <span class='ocrx_word' id='word_1_243' title='bbox 737 2460 1112 2514; x_wconf 82' lang='lat' dir='ltr'><strong>Agrippinenses.</strong></span> <span class='ocrx_word' id='word_1_244' title='bbox 1157 2459 1291 2500; x_wconf 90' lang='lat' dir='ltr'><strong>Hunc</strong></span> <span class='ocrx_word' id='word_1_245' title='bbox 1335 2474 1517 2514; x_wconf 90' lang='lat' dir='ltr'><strong>quoque</strong></span> <span class='ocrx_word' id='word_1_246' title='bbox 1550 2460 1700 2502; x_wconf 90' lang='lat' dir='ltr'><strong>locum</strong></span> 
     </span>
     <span class='ocr_line' id='line_1_30' title="bbox 97 2539 1701 2596; baseline -0.002 -12"><span class='ocrx_word' id='word_1_247' title='bbox 97 2541 258 2596; x_wconf 81' lang='lat' dir='ltr'><strong>aliquis</strong></span> <span class='ocrx_word' id='word_1_248' title='bbox 291 2547 519 2596; x_wconf 88' lang='lat' dir='ltr'><strong>proponat</strong></span> <span class='ocrx_word' id='word_1_249' title='bbox 550 2541 780 2581; x_wconf 86' lang='lat' dir='ltr'><strong>literarum</strong></span> <span class='ocrx_word' id='word_1_250' title='bbox 812 2539 945 2580; x_wconf 91' lang='lat' dir='ltr'><strong>alicui</strong></span> <span class='ocrx_word' id='word_1_251' title='bbox 977 2539 1195 2587; x_wconf 86' lang='lat' dir='ltr'><strong>studioso,</strong></span> <span class='ocrx_word' id='word_1_252' title='bbox 1231 2540 1438 2592; x_wconf 87' lang='lat' dir='ltr'><strong>quamvis</strong></span> <span class='ocrx_word' id='word_1_253' title='bbox 1466 2545 1701 2593; x_wconf 86' lang='lat' dir='ltr'><strong>provecto,</strong></span> 
     </span>
     <span class='ocr_line' id='line_1_31' title="bbox 97 2619 1702 2676; baseline -0.001 -14"><span class='ocrx_word' id='word_1_254' title='bbox 97 2622 178 2662; x_wconf 93' lang='lat' dir='ltr'><strong>sed</strong></span> <span class='ocrx_word' id='word_1_255' title='bbox 212 2621 288 2676; x_wconf 90' lang='lat' dir='ltr'><strong>qui</strong></span> <span class='ocrx_word' id='word_1_256' title='bbox 322 2622 367 2662; x_wconf 93' lang='lat' dir='ltr'><strong>in</strong></span> <span class='ocrx_word' id='word_1_257' title='bbox 400 2621 562 2662; x_wconf 87' lang='lat' dir='ltr'><strong>Tacito</strong></span> <span class='ocrx_word' id='word_1_258' title='bbox 596 2620 762 2673; x_wconf 81' lang='lat' dir='ltr'><strong>hospes</strong></span> <span class='ocrx_word' id='word_1_259' title='bbox 797 2619 933 2659; x_wconf 87' lang='lat' dir='ltr'><strong>etiam</strong></span> <span class='ocrx_word' id='word_1_260' title='bbox 963 2624 1031 2659; x_wconf 88' lang='lat' dir='ltr'><strong>est</strong></span> <span class='ocrx_word' id='word_1_261' title='bbox 1043 2636 1052 2668; x_wconf 86' lang='lat'>;</span> <span class='ocrx_word' id='word_1_262' title='bbox 1083 2619 1232 2659; x_wconf 87' lang='lat' dir='ltr'><strong>mirari</strong></span> <span class='ocrx_word' id='word_1_263' title='bbox 1262 2633 1371 2660; x_wconf 89' lang='lat' dir='ltr'><strong>mox</strong></span> <span class='ocrx_word' id='word_1_264' title='bbox 1398 2620 1575 2661; x_wconf 90' lang='lat' dir='ltr'><strong>desinet</strong></span> <span class='ocrx_word' id='word_1_265' title='bbox 1602 2620 1702 2661; x_wconf 87' lang='lat' dir='ltr'><strong>Plu-</strong></span> 
     </span>
     <span class='ocr_line' id='line_1_32' title="bbox 98 2697 1703 2755; baseline 0 -13"><span class='ocrx_word' id='word_1_266' title='bbox 98 2701 272 2751; x_wconf 89' lang='lat' dir='ltr'><strong>tarcho,</strong></span> <span class='ocrx_word' id='word_1_267' title='bbox 306 2714 409 2742; x_wconf 92' lang='lat' dir='ltr'><strong>cum</strong></span> <span class='ocrx_word' id='word_1_268' title='bbox 443 2701 500 2742; x_wconf 92' lang='lat' dir='ltr'><strong>de</strong></span> <span class='ocrx_word' id='word_1_269' title='bbox 530 2700 747 2741; x_wconf 88' lang='lat' dir='ltr'><strong>militibus</strong></span> <span class='ocrx_word' id='word_1_270' title='bbox 775 2698 925 2740; x_wconf 88' lang='lat' dir='ltr'><strong>urbem</strong></span> <span class='ocrx_word' id='word_1_271' title='bbox 952 2697 1268 2751; x_wconf 85' lang='lat' dir='ltr'><strong>Palatiumque</strong></span> <span class='ocrx_word' id='word_1_272' title='bbox 1295 2700 1557 2753; x_wconf 85' lang='lat' dir='ltr'><strong>petentibus</strong></span> <span class='ocrx_word' id='word_1_273' title='bbox 1585 2700 1703 2755; x_wconf 88' lang='lat' dir='ltr'><strong>lege-</strong></span> 
     </span>
     <span class='ocr_line' id='line_1_33' title="bbox 101 2778 1374 2833; baseline -0.002 -11"><span class='ocrx_word' id='word_1_274' title='bbox 101 2786 181 2831; x_wconf 88' lang='lat' dir='ltr'><strong>ret,</strong></span> <span class='ocrx_word' id='word_1_275' title='bbox 217 2781 262 2822; x_wconf 92' lang='lat' dir='ltr'><strong>in</strong></span> <span class='ocrx_word' id='word_1_276' title='bbox 295 2786 496 2822; x_wconf 90' lang='lat' dir='ltr'><strong>mentem</strong></span> <span class='ocrx_word' id='word_1_277' title='bbox 531 2793 621 2821; x_wconf 91' lang='lat' dir='ltr'><strong>non</strong></span> <span class='ocrx_word' id='word_1_278' title='bbox 655 2780 832 2821; x_wconf 89' lang='lat' dir='ltr'><strong>venisse</strong></span> <span class='ocrx_word' id='word_1_279' title='bbox 866 2778 923 2818; x_wconf 91' lang='lat' dir='ltr'><strong>de</strong></span> <span class='ocrx_word' id='word_1_280' title='bbox 957 2778 1255 2831; x_wconf 88' lang='lat' dir='ltr'><strong>praetorianis</strong></span> <span class='ocrx_word' id='word_1_281' title='bbox 1288 2779 1374 2833; x_wconf 85' lang='lat' dir='ltr'><strong>agi.</strong></span> 
     </span>
    </p>
   </div>
   <div class='ocr_carea' id='block_1_13' title="bbox 774 2900 1037 2907">
    <p class='ocr_par' dir='ltr' id='par_1_13' title="bbox 774 2900 1037 2907">
     <span class='ocr_line' id='line_1_34' title="bbox 774 2900 1037 2907; baseline 0 505"><span class='ocrx_word' id='word_1_282' title='bbox 774 2900 1037 2907; x_wconf 95' lang='lat' dir='ltr'><strong> </strong></span> 
     </span>
    </p>
   </div>
  </div>
 </body>
</html>
