2040 3412
1086 299 1139 329 22

318 409 440 462 quod
468 395 621 449 tamen
651 409 808 462 proavi
832 409 1154 450 Demosthenis
1171 415 1265 451 tam
1284 424 1416 464 aegre
1434 410 1632 461 tulerint,
1651 425 1706 452 eo
1717 412 1914 467 gravior

316 487 365 528 fit
398 486 531 529 eausa
563 501 641 528 cur
674 487 878 528 hodierni
907 487 1212 530 Athenienses
1238 489 1458 531 hodierno
1485 490 1578 545 regi
1609 490 1913 535 Macedonum
1951 476 1998 515 *x

315 567 445 608 irasci
489 567 687 608 debeant
729 567 975 609 amicitiam
1019 582 1174 610 eorum
1218 571 1406 624 petenti.
1445 570 1511 612 At
1543 571 1737 625 logicam
1767 577 1913 615 artem
1975 564 1995 621 J}

317 661 464 700 neque
496 648 592 701 ipse
625 652 751 688 curat
785 647 1118 689 Demosthenes
1151 662 1298 703 neque
1326 655 1584 691 curaturum
1612 655 1744 705 putat
1769 664 1914 706 popu.
1971 635 2009 673 Δ,.ε-

317 725 410 767 lum
457 740 593 780 quem
634 726 892 780 alloquitur.
937 727 1001 769 Ut
1043 727 1164 768 enim
1208 734 1275 769 est
1317 728 1504 770 callidus
1547 743 1719 783 usuque
1751 730 1915 774 doctus

317 806 570 847 animorum
604 805 888 860 popularium
921 806 1071 856 iudex,
1105 807 1232 848 novit
1263 821 1311 848 se
1344 822 1398 849 eo
1426 822 1517 862 quo
1544 809 1717 859 tendat,
1746 823 1914 865 nempe

318 891 367 926 ut
399 885 705 926 Athenienses
738 886 782 926 in
816 885 1075 940 Philippum
1107 886 1334 936 incendat,
1368 888 1541 942 optime
1574 887 1913 943 perventurum,

317 965 352 1005 si
397 978 533 1019 quam
577 965 769 1020 plurima
810 965 993 1020 colligat
1034 963 1258 1009 vocabula'
1298 968 1389 1009 irae
1430 969 1475 1009 in
1510 969 1787 1011 Macedones
1819 981 1915 1012 mo·

317 1046 493 1086 vendae
525 1044 677 1100 apta”.

376 1126 620 1179 Equidem,
650 1139 706 1166 ne
734 1126 843 1179 quid
872 1125 1163 1175 dissimulem,
1194 1127 1385 1168 Pollium
1414 1128 1738 1170 Demosthenis
1762 1127 1914 1171 locum

317 1205 477 1246 leviter
519 1206 761 1246 detorsisse
804 1211 916 1260 puto
961 1219 1051 1260 quo
1093 1219 1175 1247 suo
1212 1206 1341 1248 fieret
1372 1207 1608 1262 proposito
1639 1208 1802 1263 aptior,
1833 1209 1914 1252 sed
1958 1210 1959 1213 ’
1991 1188 2003 1192 -

318 1284 448 1326 facile
491 1285 577 1326 hoc
618 1285 814 1335 ferimus,
855 1285 1070 1339 quoniam
1103 1286 1165 1327 sic
1198 1300 1355 1328 revera
1387 1287 1448 1328 illi
1481 1288 1740 1342 aptissimus
1770 1288 1916 1332 factus
1981 1277 2011 1326 st

319 1370 399 1413 est,
444 1370 490 1405 et
522 1364 736 1418 quoniam
770 1365 867 1419 ipsa
898 1379 980 1414 reS,
1016 1379 1152 1419 quam
1187 1366 1351 1408 Pollius
1385 1368 1533 1419 docet,
1567 1373 1636 1410 est
1667 1368 1917 1412 verissima.

319 1445 370 1485 In
415 1445 681 1498 quotidiano
723 1458 944 1495 sermone,
989 1445 1024 1486 si
1068 1446 1096 1486 ii
1141 1459 1254 1500 quos
1291 1446 1561 1500 alloquimur
1591 1446 1744 1502 aliquo
1777 1449 1917 1492 modo

318 1530 422 1565 sunt
464 1525 702 1574 afficiendi,
747 1538 882 1578 saepe
924 1539 1060 1578 quam
1105 1525 1296 1579 plurima
1329 1526 1550 1568 vocabula
1581 1541 1917 1579 coacervamus,

319 1617 435 1657 quae
468 1603 529 1644 illi
563 1603 743 1645 affectui
775 1610 880 1645 sunt
911 1610 1120 1658 cognata,
1153 1606 1443 1647 immemores
1474 1606 1537 1647 sic
1566 1620 1649 1648 nos
1675 1620 1812 1663 saepe
1838 1607 1918 1652 de-

321 1684 660 1724 monstrationis
707 1689 887 1725 nostrae
936 1684 1027 1725 vim
1076 1685 1328 1727 debilitare.
1378 1686 1512 1727 Dabo
1555 1686 1818 1742 exemplum
1858 1701 1919 1731 ex

319 1764 415 1817 ipsa
457 1764 551 1804 vita
590 1770 836 1818 sumptum,
878 1766 1001 1818 quod
1042 1765 1221 1819 egregie
1263 1766 1528 1820 popularem
1560 1766 1686 1809 illum
1717 1781 1924 1811 errorem

319 1843 441 1898 (nam
484 1857 607 1884 error
640 1845 871 1885 vocandus
904 1850 972 1886 est
1004 1845 1039 1886 si
1074 1845 1241 1899 logices
1275 1845 1495 1888 habemus
1527 1847 1766 1904 rationem)
1798 1847 1918 1891 illus-

319 1929 436 1964 trare
464 1924 684 1965 videatur.
714 1924 810 1964 Nos
837 1925 872 1965 si
900 1925 1050 1966 dicere
1079 1925 1286 1967 volumus
1312 1925 1544 1968 hominem
1571 1926 1770 1981 aliquem
1785 1927 1918 1971 lenis·

319 2003 482 2043 simum
525 2016 622 2044 esse
666 2003 1057 2058 mitissimumque,
1101 2018 1237 2059 saepe
1274 2005 1338 2046 sic
1371 2006 1428 2047 de
1461 2019 1516 2047 eo
1548 2006 1796 2061 loquimur:
1834 2021 1918 2062 „ne
1957 1995 2014 2039 '⁶⁸

320 2096 508 2136 puerum
537 2083 721 2136 quidem
750 2083 929 2125 laeserit
953 2084 1055 2125 ille''
1075 2085 1147 2126 vel
1170 2098 1251 2138 „ne
1268 2085 1461 2139 gallinae
1479 2087 1664 2140 quidem
1681 2086 1937 2130 nocuerit*

319 2162 390 2203 vel
438 2177 519 2216 „ne
562 2177 762 2204 muscam
806 2164 990 2217 quidem
1033 2163 1293 2205 occiderit”.
1333 2165 1512 2206 Revera
1542 2171 1795 2208 extremam
1827 2162 1939 2209 cle-⁴
2008 2152 2018 2202 s

320 2243 536 2284 mentiam
562 2230 888 2297 lenitatemque
917 2244 984 2285 his
1012 2245 1161 2285 verbis
1186 2259 1269 2286 non
1297 2245 1605 2287 describimus.
1633 2245 1791 2288 Potest
1814 2259 1913 2288 esse

318 2322 478 2376 aliquis
511 2323 758 2364 admodum
790 2323 983 2364 crudelis
1015 2330 1060 2365 et
1092 2329 1244 2365 tamen
1279 2338 1370 2366 non
1403 2326 1563 2366 eadem
1598 2339 1688 2380 qua
1719 2326 1914 2368 Domiti·-

318 2415 429 2442 anus
470 2416 516 2443 re
559 2402 773 2444 delectari
787 2420 796 2453 ;
841 2409 994 2457 potest
1035 2417 1132 2445 esse
1174 2405 1311 2445 durus
1348 2418 1496 2458 neque
1527 2411 1681 2447 tamen
1711 2419 1912 2461 unquam

318 2481 506 2534 gallinas
548 2482 775 2536 lapidibus
818 2484 1049 2537 persequi;
1090 2497 1249 2525 canem
1281 2498 1416 2539 saepe
1450 2485 1711 2527 mordacem
1741 2485 1918 2530 laudari

318 2562 537 2610 audimus,
581 2562 702 2615 apud
746 2576 880 2615 quem
923 2568 1076 2604 tamen
1119 2563 1314 2605 infantes
1355 2564 1442 2605 tuti
1479 2565 1583 2606 sint.
1617 2563 1723 2615 Sed,
1756 2565 1820 2609 ita
1851 2565 1916 2608 lo-
1976 2551 2017 2632 ἐξ·

319 2646 522 2693 quentes‚
573 2641 731 2694 plenos
779 2656 875 2683 esse
922 2643 1203 2684 audientium
1250 2644 1425 2685 animos
1467 2644 1674 2698 cupimus
1714 2643 1915 2687 lenitatis

319 2719 676 2773 clementiaeque
719 2721 939 2775 imaginis,
983 2723 1119 2776 igitur
1152 2723 1208 2764 de
1241 2736 1382 2777 puero
1413 2723 1639 2776 loquimur
1670 2723 1914 2775 imbecillo,

319 2799 375 2838 de
418 2798 596 2851 gallina,
641 2800 842 2841 omnium
886 2801 1146 2843 animalium
1189 2802 1383 2844 innocua
1425 2802 1636 2853 maxime,
1668 2804 1726 2845 de
1759 2816 1914 2845 musca
1974 2798 2011 2838 -·²

320 2877 491 2917 minimi
535 2879 757 2932 corporis;
802 2894 949 2934 neque
994 2882 1232 2935 quisquam
1264 2896 1464 2936 unquam
1497 2888 1590 2924 tam
1622 2882 1706 2924 fuit
1735 2882 1910 2938 logicae
1973 2881 1982 2899 ”

320 2957 442 2998 dicto
484 2959 684 3008 audiens,
728 2965 776 3000 ut
819 2960 989 3014 vulgari
1031 2961 1260 3002 locutione
1303 2962 1467 3003 omissa
1508 2976 1590 3015 „ne
1621 2962 1786 3017 tigridi
1814 2962 1910 3016 qui-
