2040 3412
1063 996 1146 1036 III.

369 1146 552 1187 Initium
594 1146 754 1188 faciam
786 1161 813 1188 a
845 1146 1022 1189 duobus
1049 1146 1172 1196 locis,
1207 1148 1283 1202 qui
1315 1146 1436 1188 haud
1471 1146 1608 1188 dubie
1640 1160 1778 1201 quam
1809 1158 1918 1189 arc·v
1944 1139 1982 1205 [ᾗ

307 1225 479 1266 tissime
512 1225 759 1267 cohaerent
789 1239 892 1267 cum
922 1227 1150 1268 sententia
1181 1239 1208 1268 a
1233 1225 1510 1268 Woelfflinio
1536 1231 1631 1268 tam
1657 1209 1909 1268 luculenter

307 1304 506 1346 defensa.
541 1306 798 1360 Utrobique
831 1307 951 1347 enim
985 1307 1042 1347 de
1073 1320 1120 1348 se
1148 1306 1434 1348 historiarum
1460 1306 1680 1360 scriptore
1706 1305 1907 1361 loquitur
1952 1330 1983 1369 .

306 1385 505 1435 Tacitus,
539 1391 699 1440 estque
731 1385 845 1427 alter
877 1386 1098 1428 eiusmodi
1126 1391 1175 1427 ut
1195 1385 1520 1427 —'dummodo
1549 1385 1775 1441 integrum
1801 1396 1909 1429 eum

306 1465 588 1507 vindicemus
615 1466 673 1506 ab
701 1465 846 1507 inutili
874 1466 1377 1520 quodam-emendandi
1394 1449 1907 1521 conamine—ssegreg‘ie

307 1558 389 1585 nos
421 1546 585 1587 doceat
617 1545 827 1587 Tacitum
860 1559 951 1587 non
985 1546 1131 1587 minus
1163 1546 1280 1587 bene
1313 1559 1450 1600 quam
1483 1545 1696 1601 aequales
1727 1531 1907 1589 nostros
1963 1528 1985 1556 ²²

305 1625 495 1666 sensisse
538 1626 661 1679 quod
705 1631 823 1666 esset
865 1625 972 1667 boni
1016 1625 1216 1667 historici
1261 1626 1458 1668 officium
1491 1623 1533 1680 ¹),
1575 1625 1720 1668 altero
1760 1629 1907 1668 semet
1960 1611 1980 1661 ῑᾸᾸ

305 1703 452 1757 ipsum
499 1704 669 1746 indicat
711 1710 758 1745 et
800 1705 959 1746 vitium
1003 1706 1235 1759 quoddam
1279 1705 1517 1760 profitetur
1548 1705 1672 1760 quod
1698 1704 1904 1760 legentes
1964 1691 1974 1731 ’ᾗ

306 1783 558 1824 identidem
592 1784 636 1825 in
669 1789 861 1838 utroque
894 1798 1032 1838 opere
1065 1785 1235 1826 maiore
1266 1809 1324 1815 ——-
1356 1785 1437 1826 sed
1468 1785 1648 1840 saepius
1675 1784 1903 1827 tamenin
1970 1775 1985 1782 ”

307 1861 564 1904 Annalibus
595 1887 654 1893 —
684 1864 984 1917 agnoscimus
1736 1862 1740 1867 ’

366 1941 424 1983 Α.
454 1941 575 1983 Ann.
604 1942 731 1992 XIII,
763 1953 831 1984 20.
861 1943 1107 1997 Postquam
1129 1944 1328 1985 narravit
1346 1943 1590 1994 Neronem,
1609 1943 1906 1987 vehementer

308 2022 572 2062 exterritum
615 2022 748 2063 rebus
789 2035 905 2076 quae
947 2022 1032 2063 sibi
1075 2023 1132 2064 de
1176 2028 1319 2064 matre
1362 2028 1408 2064 et
1441 2022 1652 2065 Rubellio
1683 2036 1712 2064 a
1743 2021 1904 2066 Paride

307 2100 635 2150 nuntiarentur,
664 2114 755 2142 non
784 2100 929 2142 solum
958 2101 1016 2142 de
1043 2101 1129 2143 illis
1156 2102 1400 2156 perdendis
1427 2102 1650 2157 cogitasse
1669 2101 1749 2145 sed
1766 2093 1908 2146 etiam
1964 2087 2001 2123 ²³²

307 2180 364 2221 de
407 2180 546 2221 Burro
579 2179 861 2234 praefectura
894 2181 1197 2231 demovendo,
1230 2187 1280 2222 ut
1311 2181 1388 2235 qui
1421 2181 1576 2223 matris
1607 2185 1727 2223 esset
1757 2180 1912 2236 gratia-
1951 2191 1999 2233 ’ς

306 2264 562 2313 provectus,
595 2260 658 2300 sic
692 2259 864 2314 pergit:
1174 2249 1177 2252 ’
1856 2262 1862 2265 χ
1971 2262 1976 2266 ”

368 2338 563 2391 „Fabius
618 2339 829 2379 Rusticus
870 2344 1029 2380 auctor
1071 2345 1139 2381 est
1181 2340 1374 2395 scriptos
1414 2353 1511 2382 esse
1553 2339 1612 2382 ad
1654 2336 1898 2383 Caecinam
1965 2339 1974 2371 3>

308 2418 505 2459 Tuscum
537 2418 783 2468 codicillos,
818 2419 1033 2460 mandata
1065 2420 1105 2460 ei
1140 2420 1467 2474 praetoriarum
1499 2418 1755 2460 cohortium
1781 2422 1903 2469 cura,

309 2498 388 2539 sed
436 2511 524 2552 ope
571 2496 771 2539 Senecae
814 2498 1126 2551 dignationem
1169 2499 1310 2540 Burro
1351 2503 1601 2561 retentam:
1644 2496 1814 2540 Plinius
1853 2500 1903 2540 et

309 2577 491 2618 Cluvius
533 2577 643 2619 nihil
676 2577 934 2618 dubitatum
967 2578 1024 2618 de
1056 2577 1146 2619 fide
1179 2577 1395 2632 praefecti
1427 2577 1628 2618 referunt
1644 2608 1773 2619 .....
1804 2574 1916 2619 Nos-
1951 2578 1998 2639 ᾖ·

309 2669 556 2697 consensum
603 2665 833 2699 auctorum
879 2659 1085 2707 secuturi,
1123 2672 1244 2712 *quae
1283 2658 1463 2700 diversa
1496 2657 1787 2713 prodiderint
1821 2656 1902 2703 sub.
1949 2638 1996 2691 ᾸῘῨ

310 2734 552 2776 nominibus
598 2736 796 2790 ipsorum
844 2736 1115 2778 trademus’'.
1157 2736 1283 2778 Ante
1325 2745 1555 2779 auctorum
1597 2734 1907 2792 Nipperdeiuss

359 2904 393 2947 1)
418 2905 472 2936 De
497 2906 659 2938 omnibus
684 2907 837 2949 antiquis
862 2907 1027 2940 historiae
1052 2907 1280 2950 scriptoribus
1300 2907 1414 2939 valere
1436 2907 1530 2940 idem
1550 2917 1666 2950 neque
1686 2916 1900 2951 quemquam
1947 2912 1966 2928 -’

309 2962 427 2983 eorum
453 2963 562 2985 errare
588 2954 734 2986 voluisse
758 2954 890 2996 optime
916 2955 1130 2987 demonstrat
1153 2954 1304 2987 Boissier
1326 2954 1376 2986 1.1.
1957 2958 1972 2967 ’
