2040 3412
1133 297 1217 342 252

1933 378 1940 387 ι

1915 388 1950 402 ,ι

378 407 562 456 visatur,
611 406 948 462 degeneretque
995 408 1155 450 studiis
1202 409 1400 450 externis
1441 409 1649 450 iuventus
1692 441 1851 453 ......
1895 410 1946 448 -’Ἑ,

377 487 597 527 iustitiam
631 487 783 541 augeri
815 493 862 528 et
895 488 1099 529 decurias
1131 473 1334 542 equitum
1363 488 1593 543 egregium
1621 489 1850 532 iudicandi
1889 475 1955 549 u}

377 579 463 607 nus
496 565 770 620 expleturos,
803 567 839 608 si
873 566 1038 609 fractos
1070 581 1206 609 sonos
1238 574 1284 609 et
1317 567 1604 610 dulcedinem
1636 581 1800 611 vocum
1827 582 1876 624 p

378 645 653 687 audissent.”

438 725 582 766 Totus
622 725 694 766 hic
737 725 862 767 locus
903 725 947 767 in
991 726 1148 768 codice
1191 726 1505 768 vitiosissimus
1546 732 1628 768 est.
1662 727 1759 769 Iam
1791 741 1870 783 egr
1907 711 1969 787 μ’-ῗ

376 805 700 846 emendatione
742 805 924 860 Lipsius
956 806 1173 848 iustitiam
1204 807 1367 862 augeri
1397 806 1525 848 dedit
1558 820 1640 861 pro
1673 806 1870 850 absurdo
1892 801 1973 858 '3³1

371 885 472 927 titia
499 885 698 940 augurii,
728 899 874 939 neque
903 892 1138 940 praeterea
1167 886 1459 940 Madvigiana
1485 886 1767 928 correctione
1790 900 1874 931 auc
1892 876 1896 881 ’

372 966 438 1007 iri
463 979 578 1020 opus
605 980 702 1007 esse
729 967 905 1021 opinor.
934 967 1066 1017 Tum,
1086 963 1207 1009 recte
1226 972 1274 1008 ut
1292 967 1503 1021 equidem
1521 980 1699 1018 censeo,
1718 966 1872 1022 Seyffe
1906 958 1945 1030 n

369 1045 627 1100 expleturas
654 1046 848 1087 coniecit
875 1059 957 1101 pro
984 1046 1234 1101 expleturos
1260 1052 1306 1088 et
1333 1052 1439 1088 ante
1461 1060 1562 1088 eam
1581 1059 1742 1089 vocem
1759 1046 1821 1088 Η
1862 1046 1933 1098 0

373 1127 561 1168 inseruit
608 1127 783 1177 melius,
831 1127 955 1181 quod
1003 1126 1372 1182 supplementum
1421 1126 1531 1168 mihi
1575 1112 1765 1181 'quidem
1811 1114 1966 1169 uti*

374 1206 675 1247 necessarium
719 1206 912 1248 videtur.
956 1205 1046 1248 Sed
1081 1219 1200 1247 nunc
1233 1219 1320 1260 ego
1353 1205 1490 1247 etiam
1523 1205 1569 1247 in
1602 1205 1691 1247 isto
1714 1205 1864 1261 perite
1898 1206 1978 1271 ‘2³3⁴

371 1286 537 1327 dissent
581 1285 760 1327 haereo.
811 1286 972 1340 Neque
1016 1285 1138 1326 enim
1180 1284 1434 1340 significare
1477 1278 1532 1326 ea
1572 1284 1713 1327 verba
1754 1296 1978 1340 possum

376 1371 635 1419 „tamquam
683 1365 832 1408 callidi
882 1366 940 1407 de
988 1366 1209 1407 eiusmodi
1257 1365 1429 1406 artibus
1475 1365 1647 1406 iudices
1692 1364 1904 1409 audissen

372 1458 533 1499 neque,
568 1445 603 1486 si
632 1450 831 1500 possent,
860 1445 917 1486 de
946 1459 999 1486 ea
1025 1459 1072 1486 re
1105 1458 1224 1486 nunc
1251 1445 1412 1500 agitur.
1446 1444 1671 1487 Universa
1695 1449 1850 1487 tamen
1877 1443 1976 1498 a

367 1525 593 1566 sententia
635 1525 883 1566 admodum
927 1530 995 1566 est
1027 1525 1287 1579 perspicua:
1326 1523 1597 1578 „meliusne”
1628 1523 1875 1579 antiquarii·
1900 1523 1939 1579 ⁴„

370 1610 532 1658 rogant
592 1605 824 1657 „homines
871 1618 929 1645 ex
976 1605 1134 1646 ordine
1181 1604 1460 1659 amplissimo
1506 1602 1907 1659 splendidissimoq

369 1684 582 1738 gravibus
622 1685 712 1725 suis
754 1685 799 1725 in
843 1684 1074 1739 republica
1116 1685 1376 1726 muneribus
1407 1684 1662 1739 fungentur,
1697 1683 1899 1730 meliore
1943 1671 1977 1689 ἒ

370 1777 448 1804 eos
481 1763 751 1805 habebimus
783 1759 1122 1806 iurisconsultos
1149 1770 1194 1806 et
1222 1764 1405 1814 iudices,
1433 1765 1470 1806 si
1498 1765 1669 1807 ineunte
1693 1771 1836 1807 aetate
1858 1763 1969 1807 is''

368 1857 467 1884 rum
506 1856 667 1893 rerum,
701 1857 813 1898 quas
846 1857 964 1885 nunc
997 1844 1042 1885 in
1074 1844 1307 1886 civitatem
1340 1844 1627 1886 introducere
1659 1844 1814 1886 studet
1843 1843 1973 1899 pri

367 1936 487 1977 cepS,
531 1923 774 1978 participes
816 1922 1038 1965 fuerint?’'
1083 1923 1201 1965 Nam
1243 1923 1510 1978 praesertim
1552 1923 1610 1964 de
1641 1922 1695 1964 iis
1725 1922 1860 1965 rebus

365 2002 438 2056 agi
473 2003 766 2057 cogitarique‚
801 2017 912 2057 quas
944 2011 1094 2045 tenera
1125 2011 1248 2046 aetas
1278 2003 1488 2044 ludorum
1520 2002 1697 2044 illorum
1724 1992 1935 2050 occasion
1949 1987 1971 2065 -I'j

365 2082 500 2124 faciet
526 2083 858 2137 spectabitque,
889 2083 959 2124 vel
988 2097 1045 2124 ex
1072 2084 1138 2134 iis,
1167 2098 1283 2138 quae
1306 2084 1566 2125 citavimus:
1599 2083 1893 2138 „degeneret
1916 2077 1973 2119 «7

365 2163 525 2204 studiis
568 2163 766 2204 externis
804 2163 1043 2204 iuventus”
1075 2177 1212 2217 quam
1247 2164 1444 2204 maxime
1474 2167 1679 2217 apparet.
1712 2152 1976 2219 Ergo2no'g„

367 2243 527 2284 dubito
570 2243 678 2297 quin
723 2257 805 2297 pro
838 2244 985 2298 perite
1023 2243 1266 2297 legendum
1279 2234 1356 2284 ‘sit
1378 2243 1526 2297 pueri,
1560 2255 1650 2297 qua
1679 2241 1995 2299 correctius

363 2322 591 2364 lenissima
618 2322 806 2364 tandem
834 2321 1080 2376 aliquando
1107 2328 1230 2364 totus
1257 2322 1382 2364 locus
1409 2323 1455 2364 in
1482 2323 1709 2377 integrum
1727 2321 1923 2365 restitum.
1965 2314 1968 2319 ’

366 2402 557 2443 videtur.
1929 2386 1938 2390 -

425 2560 484 2602 A.
518 2560 646 2610 XIV,
684 2572 755 2614 29.
789 2560 877 2614 Qui
911 2561 1129 2602 hactenus
1161 2561 1205 2602 in
1240 2561 1471 2603 Britannia
1494 2561 1791 2616 ‚praefuerant
1818 2543 1952 2615 'legs

366 2640 496 2681 nibus
529 2641 650 2682 haud
682 2640 873 2682 multum
906 2640 1214 2695 profecerant:

430 2718 544 2761 »Sed
578 2726 676 2760 tum
710 2720 919 2761 Paulinus
953 2719 1195 2762 Suetonius
1223 2719 1462 2761 obtinebat
1489 2720 1743 2771 Britannos,
1769 2721 1892 2763 scien
1906 2701 1987 2784 ἰῇ

366 2798 552 2839 militiae
597 2805 642 2840 et
685 2813 862 2841 rumore
905 2799 1075 2854 populi,
1117 2801 1193 2853 qui
1236 2801 1464 2841 neminem
1496 2801 1592 2841 sine
1623 2798 1803 2842 aemulo
1835 2794 1977 2844 sini*

365 2877 633 2919 Corbulonis
666 2885 952 2920 concertator
984 2885 1285 2933 receptaeque
1318 2879 1564 2921 Armeniae
1598 2880 1736 2922 decus
1761 2880 1973 2943 αεςιι,,“ἒῇ

363 2957 547 2998 domitis
579 2959 885 3011 perduellibus
917 2959 1147 3013 cupienS.”
1956 2962 1957 2965 '
