2040 3412
0 2646 9 2658 -ε
0 2529 15 2640 mss-ww
0 2390 22 2518 wamia-2
0 2348 16 2382 ,ιω

17 3239 25 3251 (Δ
21 3199 22 3202 Α
14 3190 17 3192 ,
0 2709 22 3182 ,ΜΡ-Μωῇωᾞτῖέωψῆᾞ
0 2697 6 2704 ¹
1 2681 11 2689 «κ

857 281 910 323 41

1 379 53 397 “
98 391 270 435 Verum
305 392 538 434 cautiorne
572 397 618 433 et
651 393 918 447 prudentior
950 393 995 434 in
1029 391 1311 447 proferendis
1338 392 1391 434 iis
1418 405 1534 446 quae
1563 391 1701 433 fando

9 487 42 518 χ,
97 471 271 515 audivit
304 471 490 513 Tacitus
521 484 618 513 esse
651 470 793 513 solet?
827 472 974 513 Immo
1007 485 1115 513 vero
1149 473 1194 514 in
1224 486 1397 514 errores
1424 472 1583 514 incidit
1609 485 1701 513 non

97 551 246 594 minus
282 552 476 606 ineptos,
510 565 647 606 quam
680 551 755 594 ille
787 557 856 594 est
887 566 1023 606 quem
1057 566 1115 593 ex
1149 553 1380 607 Euripidis
1414 553 1524 594 Vita
1556 551 1702 594 attuli.

8 622 41 664 Ῑὲ
98 631 219 686 Quid
263 632 386 686 quod
420 639 618 686 prorsus
648 633 793 674 eodem
827 633 951 673 modo
985 646 1174 687 peccare
1208 634 1371 687 potuit.
1407 633 1541 675 Certe
1572 632 1706 674 semel

30 715 35 743 ’ἒ
96 712 143 755 id
186 712 228 754 ei
270 711 488 754 accidisse
531 712 620 753 iam
665 725 748 766 pro
781 717 907 753 certo
940 701 1132 753 constat.
1169 713 1271 754 Hoc
1305 713 1381 766 qui
1416 718 1564 767 negat,
1599 726 1703 753 eum

96 791 211 847 fugit
238 791 501 833 doctissima
529 792 769 845 quaedam,
798 791 1172 845 ingeniosissima,
1200 792 1257 833 ad
1286 791 1531 846 legendum
1549 792 1702 833 iucun-

98 871 283 914 dissima
331 870 501 913 Naberi
550 871 692 912 nostri
741 871 990 925 disputatio
1039 871 1084 912 in
1134 872 1461 926 Mnemosynes
1509 871 1596 913 vol.
1647 882 1703 913 20

99 951 174 1007 (A.
229 951 354 1006 1892)
403 964 448 1005 p.
489 962 580 1003 410
620 964 720 1005 sqq.
765 951 1120 992 demonstrantis
1163 965 1462 1006 quaecunque
1506 952 1563 993 de
1607 950 1703 992 Silii

100 1031 462 1086 Messalinaeque
490 1032 659 1086 nuptiis
685 1045 711 1073 a
739 1031 901 1073 Tacito
928 1032 1170 1073 traduntur
1187 1033 1324 1087 facta
1351 1046 1448 1073 esse
1472 1045 1704 1085 nunquam

35 1139 37 1141 v
98 1113 180 1155 sed
221 1120 323 1156 acta
364 1113 410 1154 in
452 1125 588 1153 scena
631 1112 843 1166 quadam,
879 1112 1123 1154 Messalina
1156 1113 1200 1154 in
1234 1112 1375 1154 hortis
1408 1111 1498 1152 suis
1530 1115 1705 1165 specta-

98 1192 251 1235 culum
297 1192 464 1234 edente
512 1204 603 1246 quo
651 1191 832 1241 Bacchi,
882 1192 1123 1242 Ariadnes,
1174 1191 1377 1242 Penthei,
1426 1191 1705 1233 Baccharum

100 1273 305 1330 partibus
337 1273 419 1315 viri
453 1271 753 1327 mulieresque
787 1272 1081 1326 fungerentur
1112 1272 1301 1314 nobiles.

161 1354 232 1395 De
269 1358 369 1395 toto
402 1357 557 1394 autem
590 1353 772 1407 navigio
805 1353 893 1394 isto
926 1353 1097 1394 nefario
1128 1353 1251 1394 idem
1283 1351 1576 1394 statuendum
1610 1363 1707 1391 esse

100 1434 270 1477 invitus
312 1438 506 1476 testatur
548 1433 637 1475 Dio
681 1432 859 1476 Cassius
903 1433 1195 1488 (Xiphilinus)
1240 1433 1292 1474 L.
1338 1432 1447 1473 LXI
1484 1445 1521 1472 c.
1558 1440 1612 1484 59
1645 1430 1708 1471 ita

44 1543 47 1545 >
86 1527 289 1580 inarranS
299 1530 310 1555 :

166 1592 258 1636 ἐπεὶ
297 1592 338 1635 δὲ
371 1592 417 1635 ἐκ
449 1595 521 1652 τοῦ
555 1595 793 1646 προφανοῦς
827 1590 971 1635 ὤκνουν
1007 1594 1051 1648 (ii
1085 1594 1162 1647 qui
1197 1593 1370 1634 Neroni
1404 1592 1559 1632 matris
1592 1590 1708 1631 occi-

108 1656 287 1717 dendae
321 1674 543 1716 dederant
576 1674 831 1729 consilium)
862 1673 907 1715 τὸ
932 1671 1071 1726 ’ἔργον
1093 1672 1163 1715 καὶ
1198 1671 1341 1725 κρύφα
1374 1670 1440 1714 δια
1468 1668 1707 1724 φαρμάκων

70 1756 72 1758 ’
104 1757 176 1798 οὐκ
207 1750 324 1808 εἶχον
358 1753 489 1803 αὐτὴν
526 1754 689 1796 οένελεῖν
726 1752 886 1810 (πάντα
918 1753 1002 1807 γὰρ
1035 1753 1167 1804 ἐκείνη
1198 1754 1376 1806 ἰσχυρῶς
1407 1750 1709 1806 ἐφυλάσσετο),

31 1846 42 1850 ’
105 1838 206 1879 ναῦν
250 1834 402 1882 ἰδόντες
446 1835 487 1877 ἐν
530 1836 587 1888 τῷ
630 1833 784 1888 θεάτρῳ
819 1834 1091 1886 διαλυομένην
1123 1850 1171 1877 τε
1205 1834 1336 1882 αὐτην
1371 1833 1441 1884 ἐφ’
1475 1832 1605 1879 αὐτῆς
1639 1829 1712 1872 καί

102 1932 198 1960 τινα
225 1915 342 1971 θηρία
370 1917 574 1971 ἀφιεῖσαν
601 1916 673 1959 καὶ
701 1915 1009 1968 συνισταμένην
1039 1911 1092 1958 αὖ
1121 1914 1251 1958 πάλιν
1280 1913 1386 1957 ὥστε
1413 1913 1481 1956 καὶ
1503 1912 1710 1966 ἐρρῶσθαι,

103 1997 300 2048 τοιαύτην
334 1996 476 2051 ἑτέραν
508 1997 679 2050 ταχέως
714 1997 1080 2049 ε’ναυπηγήσαντο.

166 2079 246 2130 At,
279 2093 307 2121 o
341 2079 476 2128 bone,
520 2092 612 2120 non
648 2078 834 2128 Neroni,
870 2078 1127 2132 Poppaeae,
1162 2077 1364 2119 Senecae
1398 2075 1565 2130 navigii
1598 2080 1712 2115 stru-

107 2161 213 2202 endi
255 2158 494 2201 consilium
534 2158 727 2200 subiecit
759 2159 879 2199 istud
913 2157 1236 2212 spectaculum,
1270 2158 1350 2198 sed
1391 2156 1537 2198 Taciti
1567 2169 1625 2196 ex
1657 2168 1712 2195 eo

109 2246 218 2282 nata
259 2245 328 2281 est
363 2239 574 2288 narratio,
609 2238 680 2279 vel
713 2239 864 2292 potius
898 2238 1139 2279 rumusculi
1173 2238 1279 2278 inde
1313 2237 1399 2277 orti
1433 2240 1537 2276 sunt
1571 2248 1713 2289 popu-

108 2319 237 2370 lares,
281 2319 445 2374 quibus
486 2331 641 2360 aurem
684 2318 892 2372 praebuit
926 2318 1125 2359 Tacitus.
1158 2316 1373 2371 Suspicor
1405 2321 1558 2357 autem
1591 2315 1712 2369 (nam

108 2400 209 2455 quis
251 2400 296 2441 in
339 2405 469 2441 tanta
506 2413 655 2440 rerum
688 2398 1031 2453 perturbatione
1065 2411 1148 2451 pro
1182 2402 1307 2437 certo
1341 2396 1592 2450 quidquam
1625 2400 1713 2435 sta-

107 2479 247 2535 tuat?)
280 2479 552 2534 Vespasiani
586 2478 678 2519 fere
705 2484 914 2532 tempore
941 2478 986 2518 in
1014 2491 1150 2518 scena
1178 2482 1328 2518 actam
1356 2489 1453 2517 esse
1480 2476 1536 2517 de
1566 2480 1712 2516 morte

105 2559 392 2614 Agrippinae
439 2558 640 2600 fabulam
682 2572 740 2599 ex
783 2572 838 2599 eo
880 2571 1046 2611 genere
1089 2557 1211 2611 quod
1256 2556 1463 2598 hodierni
1506 2554 1713 2596 homines

112 2638 444 2693 „melodrama”
489 2638 735 2693 appellant,
780 2638 825 2678 in
867 2651 956 2691 qua
988 2643 1034 2678 et
1067 2637 1297 2690 navigium
1329 2636 1621 2677 exhiberetur
1653 2634 1714 2675 illi

106 2719 252 2762 simile
295 2719 418 2772 quod
457 2724 593 2760 antea
625 2719 670 2759 in
705 2718 857 2771 aliquo
890 2717 1229 2771 amphitheatro
1262 2721 1521 2770 spectatum
1554 2715 1736 2764 fuerat„

107 2799 230 2841 illam
279 2805 432 2840 autem
480 2799 680 2840 fabulam
729 2799 933 2839 tunicato
982 2797 1167 2852 popello
1208 2802 1449 2850 tantopere
1492 2795 1714 2850 placuisse

110 2880 343 2933 mentique
387 2879 481 2920 eius
523 2877 769 2919 inhaesisse
812 2882 862 2918 ut
905 2876 1061 2930 opinio
1096 2876 1218 2917 nasci
1253 2881 1407 2930 posset
1440 2888 1597 2915 revera
1628 2874 1715 2914 hoc

110 2960 249 3001 modo
278 2959 509 3000 Neronem
538 2963 730 2999 matrem
757 2970 883 2998 suam
913 2957 970 2998 de
998 2957 1150 2997 medio
1178 2955 1337 2997 tollere
1366 2968 1463 2996 esse
1483 2959 1712 2995 conatum.
