2040 3412
1144 299 1224 340 180
1992 283 2040 368 TJ}

438 416 622 471 Obligat
654 431 983 459 venas—venas
1015 419 1212 460 resolvit.
1249 418 1399 460 Sicine
1432 431 1630 472 unquam
1664 418 1802 459 ullum
1834 411 1992 473 scrip-s
2013 421 2040 467 ‘i

378 502 524 537 torem
558 497 786 546 Latinum,
821 511 877 538 ne
911 498 1059 555 dicam
1088 498 1311 547 Tacitum,
1340 503 1557 552 nugatum
1585 511 1681 539 esse
1710 495 1974 540 credamus?

439 577 685 617 Puerorum
719 577 944 618 elementa
974 579 1245 620 discentium
1274 591 1421 619 sermo
1449 578 1532 618 iste
1562 583 1643 619 est.
1675 578 1734 619 Et
1754 578 1978 632 precandi

380 657 582 706 verbum,
618 656 739 698 nullo
774 658 957 699 obiecto
992 659 1165 707 addito,
1200 672 1303 699 cum
1337 657 1445 698 nihil
1478 658 1534 698 sit
1572 658 1615 698 in
1650 639 1814 698 vicinia
1847 657 1974 712 quod
2038 674 2040 677 ·

380 737 547 777 obiecti
590 738 689 778 vice
731 737 855 791 fungi
900 739 1055 792 possit,
1100 751 1206 779 num
1250 738 1499 792 quidquam
1533 737 1784 791 significare
1821 741 1976 792 potest
2037 722 2040 723 ⁷

380 817 502 870 quod
529 816 600 857 hic
627 816 905 870 requiratur?
941 818 1005 860 Ut
1028 817 1154 859 locus
1179 817 1310 858 simul
1328 817 1374 858 et
1391 817 1509 858 lacer
1527 817 1572 858 et
1589 817 1745 872 inepta
1762 817 1978 859 laborans

380 897 672 946 abundantia,
700 903 946 947 sanaretur,
976 898 1065 938 iam
1093 903 1208 956 ante*
1226 897 1436 938 undecim
1465 910 1608 938 annos
1635 896 1822 951 (Mnem.
1847 895 1975 952 1894)

381 976 497 1018 hanc
530 978 745 1031 proposui
779 977 1021 1019 lectionem
1044 976 1093 1032 ¹):

445 1089 564 1109 „....
609 1057 782 1111 obligat
826 1072 986 1107 venas,
1033 1063 1332 1112 precatusque
1377 1071 1456 1112 per
1499 1057 1732 1099 codicillos
1773 1038 1984 1107 veniam,

381 1137 542 1177 immiti
577 1151 794 1192 responso
828 1137 1043 1179 resolvit’'

442 1230 589 1270 neque
623 1231 741 1258 nunc
775 1231 847 1258 me
880 1218 975 1259 eius
1008 1218 1228 1272 poenitet.

440 1375 499 1416 A.
528 1376 609 1426 VI,
645 1384 708 1429 15.
737 1377 945 1418 Tiberius
973 1377 1186 1431 neptibus
1215 1377 1305 1418 suis
1335 1376 1521 1417 maritos
1547 1375 1658 1430 legit
1688 1375 1740 1417 L.
1770 1374 1976 1419 Cassium
2022 1405 2040 1422 ⁴-

382 1460 427 1496 et
470 1456 532 1497 M.
578 1456 822 1506 Vicinium,
865 1471 1057 1511 quorum
1091 1457 1176 1506 hic,
1211 1462 1370 1511 utpote
1403 1456 1544 1497 nobili
1576 1469 1741 1510 genere
1774 1461 1899 1498 ortus
1931 1461 1978 1499 et
2027 1452 2030 1453 ⁷

382 1535 577 1586 Calibus,
627 1537 671 1577 in
716 1538 961 1591 municipio
1004 1537 1323 1578 florentissimo
1365 1542 1411 1578 et
1454 1536 1779 1591 elegantiarum
1823 1535 1974 1592 pleno,
2038 1519 2040 1528 Ξ

382 1621 526 1665 natus,
561 1617 682 1657 mitis
713 1623 810 1658 erat
842 1617 1013 1672 ingenio
1041 1622 1087 1658 et
1115 1607 1608 1671 comptae'facundiae.
1638 1607 1817 1659 Cassius
1844 1616 1977 1659 nobis
2036 1610 2040 1619 ²

383 1695 446 1735 sic
480 1696 772 1738 describitur:
2025 1683 2040 1759 ζ

449 1775 664 1828 „CassiuS,
692 1776 856 1830 plebeii
884 1777 1057 1818 Romae
1083 1777 1271 1831 generis,
1293 1790 1449 1818 verum
1467 1776 1640 1830 antiqui
1659 1775 1974 1831 honoratique,
2019 1779 2040 1819 ³3!

2027 1766 2040 1780 1

383 1860 429 1895 et
470 1869 627 1897 severa
671 1857 810 1910 patris
853 1857 1091 1911 disciplina
1134 1857 1338 1906 eductus,
1382 1856 1597 1898 facilitate
1629 1856 1808 1911 saepius
1839 1869 1976 1910 quam

384 1936 604 1977 industria
636 1937 1087 1978 commendabatur.”

444 2015 495 2056 In
525 2016 747 2057 vocabulo
773 2018 948 2072 saepius
974 2017 1130 2058 haeret
1160 2016 1477 2070 NipperdeiuS,
1497 2016 1620 2070 quod
1639 2021 1762 2077 recte
1780 2029 1864 2071 pro
1871 2015 1978 2070 plus

383 2096 490 2148 poni
524 2109 656 2149 posse
691 2110 781 2137 non
816 2098 973 2138 credit.
1022 2096 1089 2138 At
1122 2096 1209 2137 hoc
1243 2097 1428 2150 quidem
1463 2095 1592 2136 facile
1624 2095 1733 2145 fero,
1765 2096 1978 2143 sed-stota

381 2176 606 2217 sententia
631 2176 924 2218 vehementer
950 2176 1058 2218 mihi
1085 2175 1308 2231 displicet.
1327 2175 1438 2229 Quis
1456 2176 1577 2216 enim
1596 2175 1652 2216 de
1670 2174 1976 2226 adolescente,
2018 2184 2030 2226 ξ’

380 2269 516 2308 quem
536 2257 673 2297 modo
691 2256 851 2311 legerit
861 2271 1009 2298 severe
1021 2258 1278 2305 educatum,
1293 2255 1427 2310 paulo
1446 2261 1550 2310 post
1567 2247 1974 2297 commemoratum
2007 2257 2033 2315 ἦ

379 2335 429 2375 iri
464 2342 701 2390 exspectet
723 2337 954 2391 facilitate
981 2350 1083 2377 eum
1112 2336 1484 2377 commendatum
1513 2333 1637 2376 esse?
1673 2334 1837 2376 Mirum
1864 2347 1973 2389 ergo

378 2421 566 2468 paterna
607 2417 823 2458 severitas
866 2417 1078 2457 effectum
1121 2416 1303 2457 habuit!
1354 2414 1473 2468 Quid
1508 2414 1631 2468 quod
1664 2414 1898 2469 opponitur
1929 2413 1971 2457 ei
1996 2409 2022 2479 ζ’

376 2496 653 2549 adolescens,
699 2496 822 2537 cuius
866 2496 998 2550 plane
1041 2497 1243 2537 diversae
1288 2495 1453 2536 fuerint
1492 2494 1618 2547 origo
1651 2479 1970 2547 educatioque‚

376 2589 512 2628 quem
554 2590 662 2629 ergo
705 2576 836 2630 plane
880 2575 1009 2617 aliter
1050 2575 1183 2616 fuisse
1228 2579 1452 2615 moratum
1495 2574 1554 2613 sit
1597 2577 2023 2641 consentaneum3=

376 2655 441 2695 At
471 2656 541 2696 hic
570 2656 653 2697 fuit
681 2657 801 2698 mitis
828 2657 1012 2710 ingenio.
1049 2656 1171 2709 Ergo
1196 2655 1268 2695 hic
1296 2655 1412 2695 inter
1439 2666 1486 2694 se
1513 2659 1803 2706 opponuntur,
1832 2651 1970 2706 „mite
1984 2639 2027 2714 ἐξ

377 2735 635 2788 ingenium”
666 2742 806 2777 et....
841 2735 1096 2789 „facilitas”‚
1126 2749 1241 2788 quae
1270 2748 1361 2775 vox
1388 2746 1569 2787 prorsus
1586 2732 1709 2773 idem
1726 2727 2014 2800 significans?

428 2932 461 2975 1)
495 2934 606 2973 Quam
639 2932 743 2963 fuerit
768 2932 804 2963 in
830 2932 896 2964 hoc
920 2932 998 2964 loco
1023 2931 1207 2964 scribendo
1233 2931 1416 2973 negligens
1442 2929 1602 2961 librarius
1626 2929 1683 2962 vel
1711 2929 1794 2962 inde
1819 2916 1977 2980 appares-J
1997 2915 2018 2958 Ι,

377 2991 472 3032 quod
497 2991 531 3021 in
559 2995 652 3021 textu
677 2990 815 3031 scripsit
841 2991 877 3021 ob
903 2991 1038 3033 legatu3
1065 2990 1099 3021 iu
1126 2989 1280 3031 margine
1306 2993 1358 3020 est
1383 2987 1561 3029 obligavit.
2004 2983 2011 2991 “
