2040 3412
1064 277 1148 308 222
1172 254 1173 257 ¹

374 384 501 437 „Mos
533 391 602 426 est
633 386 827 440 regibus,
860 387 1072 440 quotiens
1098 387 1143 428 in
1171 388 1439 430 societatem
1466 394 1643 440 coeant,
1670 388 1833 445 imple·¹
1822 369 1862 406 ’.ᾖ

311 465 496 506 dextras
538 465 816 520 pollicesque
849 466 965 507 inter
997 479 1044 507 se
1078 467 1249 508 vincire
1282 468 1496 522 nodoque
1529 433 1863 571 praestringat?

371 544 588 586 Deleatur
630 547 699 587 in:
736 559 827 587 non
859 546 981 587 enim
1015 547 1100 588 ista
1133 547 1246 589 fiunt
1279 548 1323 589 in
1356 549 1503 603 primo
1536 562 1841 606 congressu,

311 624 525 679 colloquii
557 626 614 667 de
643 626 861 667 societate
889 640 1023 668 causa
1050 627 1256 678 habetur,
1284 629 1364 669 sed
1392 634 1634 684 postquam
1653 637 1862 686 congre

312 705 544 759 multaque
562 706 789 759 utrimque
807 705 998 747 locutis
987 720 1075 747 iam
1094 707 1263 761 placuit
1281 707 1487 749 societas.
1513 707 1711 750 Addidit
1727 706 1847 751 ali

312 785 389 839 qui
416 784 693 826 locutionem
711 786 795 826 sibi
813 786 1062 828 inauditam
1079 788 1323 829 societatem
1340 789 1457 829 coire
1473 801 1564 830 non
1581 801 1807 844 concoq

313 865 352 906 E
385 864 604 907 Cicerone
635 870 789 907 tamen
821 871 977 908 notam
1000 870 1111 908 “eam
1144 867 1311 908 habere
1344 873 1537 922 poterat.

377 945 431 987 A.
458 945 562 995 XII,
593 955 660 998 51.
681 945 985 995 Radamistus,
1003 947 1081 1000 qui
1098 946 1365 988 Armeniam
1384 947 1626 1002 occupavit
1642 935 1850 1011 crude

313 1031 451 1067 vexat
493 1027 698 1080 imperio,
742 1026 800 1067 ab
833 1026 957 1067 iratis
989 1026 1164 1068 civibus
1195 1027 1240 1067 in
1273 1040 1353 1068 sua
1386 1027 1508 1081 regia
1540 1019 1862 1091 οἰτουωνεηζ

313 1107 391 1148 sed
421 1107 689 1161 pernicitate
718 1106 822 1160 equi
851 1119 898 1147 se
927 1106 1242 1148 obsidentibus
1269 1106 1509 1171 subtrahit.
1541 1106 1650 1149 Post
1665 1090 1863 1149 varif'·⁴

267 1245 273 1249 ι
314 1200 465 1228 casus:
1753 1186 1857 1241 “ῇ.

379 1266 603 1320 „Hiberos
635 1266 693 1307 ad
727 1266 922 1320 patrium
956 1279 1144 1320 regnum
1178 1265 1432 1320 pervadit.
1838 1249 1842 1251 A

377 1347 442 1389 Ut
469 1352 702 1388 sanaretur
729 1346 910 1387 soloeca
938 1346 1180 1388 verborum
1208 1351 1445 1396 structura,
1466 1343 1702 1389 Heinsius·
1724 1341 1862 1408 „ad

316 1427 448 1468 beros
471 1427 667 1481 patrium
685 1427 729 1467 in
747 1439 936 1480 regnum
955 1424 1193 1480 pervadit'’
1211 1426 1471 1480 proposuit,
1491 1425 1795 1469 Bezzenber

321 1507 403 1559 „ad
445 1506 641 1547 Hiberos
674 1505 870 1560 patrium
902 1519 1092 1559 regnum
1126 1520 1169 1560 p.
1176 1505 1200 1521 ”
1263 1505 1355 1548 Sed
1388 1511 1560 1560 quanto
1593 1504 1869 1552 efficacior

316 1588 505 1640 niorque
538 1586 703 1627 Ritteri
736 1586 850 1626 ratio
882 1590 1032 1626 totum
1064 1585 1173 1626 illud
1207 1585 1399 1628 szeros
1431 1573 1638 1628 delentis.
1671 1579 1857 1643 Esset?

317 1667 591 1715 miraremur,
626 1666 661 1706 si
695 1666 752 1707 ad
786 1665 933 1706 Taciti
966 1665 1107 1706 verba
1137 1666 1202 1707 ad
1220 1667 1427 1720 patrium
1460 1680 1647 1722 regnum
1675 1676 1868 1725 nunq
1852 1660 1855 1663 ’

315 1747 435 1787 istud
467 1745 660 1787 Hiberos
688 1745 966 1799 adscriptum
1000 1745 1168 1786 fuisset.
1732 1775 1734 1777 »

373 1826 432 1868 A.
482 1826 584 1875 XII,
638 1835 704 1879 54.
754 1825 887 1866 Felix
934 1823 1259 1867 Samaritarum
1302 1831 1348 1867 et
1392 1825 1636 1868 Ventidius
1677 1806 1870 1891 Cum-⁴3³2

316 1906 619 1949 Galilaeorum
662 1905 917 1960 praefectus
958 1906 1076 1947 inter
1118 1919 1166 1946 se
1199 1905 1409 1947 immissis
1439 1905 1690 1949 latronibus
1721 1919 1756 1948 t

317 1987 599 2041 praedasque
631 1987 689 2028 ad
723 1991 1037 2040 procuratores
1068 1985 1290 2027 referunt:

383 2066 544 2120 „hique
587 2066 735 2120 primo
778 2065 959 2115 laetari;
1005 2078 1113 2106 mox
1154 2065 1374 2119 gliscente
1415 2066 1616 2120 pernicie
1648 2078 1752 2108 cum

318 2146 510 2187 militum
543 2145 888 2196 interiecissent,
922 2146 1040 2186 caesi
1073 2144 1278 2188 milites.”
1769 2203 1774 2205 μ

379 2226 618 2266 Diutiusne
661 2225 907 2266 absurdum
949 2225 1084 2266 istum
1127 2230 1173 2266 et
1210 2225 1310 2279 ipso
1343 2225 1670 2268 vocabulorum
1700 2237 1840 2274 som&

317 2305 602 2346 tolerabilem
635 2318 892 2346 sermonem
925 2304 1133 2354 feramus,
1167 2318 1224 2346 an
1257 2304 1448 2347 militum
1479 2303 1738 2348 eiiciamus?

318 2385 441 2426 nudo
475 2384 698 2425 vocabulo
730 2398 864 2425 arma
896 2384 954 2425 ad
987 2384 1357 2438 perspicuitatem
1391 2383 1502 2426 nihil
1533 2385 1685 2427 deest:
1835 2371 1843 2377 Ἴ

318 2465 390 2505 isti
433 2464 621 2505 fortasse
662 2488 720 2493 —
763 2477 1040 2518 quamquam
1083 2477 1139 2504 ne
1182 2463 1269 2504 hoc
1301 2463 1487 2518 quidem
1519 2477 1704 2506 necessa

319 2558 471 2585 secum
515 2544 770 2584 habuerunt
813 2543 997 2597 aliquid,
1032 2556 1124 2597 quo
1157 2543 1343 2585 vulnera
1373 2543 1521 2606 facere
1552 2549 1761 2599 possent3

320 2638 452 2666 arma
484 2637 574 2665 non
609 2623 877 2664 habuerunt.
1819 2672 1829 2686 ,Ἴ
1848 2679 1862 2685 ,-

378 2704 440 2744 A.
489 2704 602 2752 XII,
650 2703 730 2756 64:
789 2702 1103 2756 Prodigiorum
1150 2715 1286 2743 omne
1333 2716 1476 2757 genus
1522 2702 1690 2744 civium
1747 2722 1769 2739 υ
1792 2687 1841 2737 ³⁵

322 2782 619 2836 perturbabat
635 2799 645 2823 :
1783 2763 1806 2788 λέ

388 2860 504 2914 „Sed
562 2862 606 2902 in
666 2862 911 2915 praecipuo
959 2873 1128 2914 pavore
1177 2860 1454 2915 Agrippina,
1504 2875 1666 2904 vocem
1713 2847 1853 2924 C

325 2954 461 2994 quam
505 2941 780 2982 temulentus
821 2941 1003 2990 iecerat,
1045 2939 1180 2981 fatale
1223 2941 1321 2991 sibi,
1366 2946 1415 2983 ut
1456 2942 1699 2998 coniugum
1737 2925 1782 2956 ‘5
1829 2937 1836 2945 ’
