2040 3412
879 319 965 364 279

119 439 290 469 novum
333 426 620 470 Cimbrorum
662 428 1014 484 Teutonumque
1057 415 1224 472 bellurn
1270 431 1490 473 Romanis
1522 431 1720 472 excitare

117 507 409 550 studentem?
452 509 592 563 Lege,
627 514 676 551 ut
710 511 863 551 omnia
895 516 1018 552 recte
1051 512 1303 566 procedant
1335 517 1381 553 et
1413 511 1611 566 aliquam
1643 511 1720 553 ha-

115 587 256 630 beant
289 589 382 630 veri
415 590 639 644 speciem:
679 589 873 644 „Gallias
907 597 952 632 et
981 592 1206 633 exercitus
1235 592 1503 633 Germaniae
1532 606 1720 634 novum-

118 682 207 724 que
251 669 420 711 bellum
464 669 647 711 cieret.”
693 670 794 712 Hoc
836 671 1008 712 homini
1042 677 1226 713 strenuo
1259 686 1342 713 nec
1375 677 1528 713 tamen
1562 673 1721 713 insano

117 748 164 791 in
197 754 399 791 mentem
433 750 589 791 venire
621 756 794 805 potest:
830 756 878 792 ut
903 752 961 793 ad
990 751 1302 793 rebellandum
1330 752 1528 793 adducat
1553 751 1720 801 Gallos,

118 829 155 872 si
199 843 291 872 non
334 844 493 872 omnes
535 836 581 872 at
625 831 800 885 aliquas
842 832 1069 882 nationes,
1114 838 1160 874 et
1202 846 1228 874 a
1272 832 1435 873 Rheno
1479 832 1634 887 copias
1676 833 1720 873 in

123 909 302 952 Italiam
333 910 526 953 alliciat:
560 911 624 953 sic
656 925 826 953 novum
859 917 1084 966 atroxque
1116 911 1286 953 bellum
1317 912 1496 953 existet.

1003 1015 1021 1034 .
1066 1051 1072 1055 Ι
1268 975 1271 978 .

183 1071 242 1113 Η.
274 1071 357 1122 ΙΙΙ,
389 1072 463 1125 46.
498 1072 625 1122 Daci,
655 1073 844 1114 ardente
874 1072 919 1114 in
949 1072 1080 1114 Italia
1105 1072 1239 1122 bello,
1267 1072 1467 1113 abducto
1494 1086 1519 1113 e
1548 1072 1722 1114 Moesia

119 1152 346 1194 exercitu:

183 1233 483 1288 „expugnatis
512 1233 769 1275 cohortium
796 1233 1059 1287 alarumque
1087 1233 1287 1274 hibernis
1316 1238 1506 1287 utraque
1525 1234 1721 1275 Danuvii

119 1314 218 1369 ripa
244 1313 552 1369 potiebantur,
582 1314 763 1368 iamque
791 1319 938 1356 castra
965 1314 1194 1368 legionum
1224 1315 1467 1355 excindere
1486 1314 1722 1368 parabant,

119 1394 165 1436 ni
203 1394 441 1436 Mucianus
473 1400 651 1436 sextam
683 1395 912 1450 legionem
946 1395 1246 1449 opposuisset,
1282 1395 1600 1437 Cremonensis
1633 1396 1724 1436 vic—

117 1473 262 1516 toriae
302 1488 482 1529 gnams,
525 1489 577 1516 ac
621 1489 678 1516 ne
721 1481 911 1516 externa
954 1475 1096 1516 moles
1139 1476 1367 1529 utrimque
1410 1476 1652 1529 ingrueret,
1687 1476 1723 1516 si

119 1555 273 1597 Dacus
306 1555 651 1610 Germanusque
684 1556 850 1597 diversi
882 1556 1192 1610 irrupissent.'’

181 1636 270 1678 Hic
311 1650 399 1692 ego
443 1650 547 1678 cum
590 1636 882 1678 Viirtheimio
925 1650 1028 1677 meo
1072 1636 1219 1678 facere
1262 1642 1445 1691 paratus
1486 1651 1599 1686 sum,
1641 1651 1723 1691 pro

116 1731 297 1773 gnarus
343 1717 604 1759 coniicienti
652 1718 865 1772 ignarus:
922 1717 1057 1772 apud‘
1093 1717 1365 1759 Cremonam
1413 1717 1572 1758 vicisse
1619 1731 1724 1758 suos

109 1797 362 1852 ‘ignorabat
388 1798 527 1839 etiam
555 1798 807 1847 Mucianus,
836 1811 927 1851 quo
956 1798 1100 1851 magis
1127 1797 1236 1839 illud
1265 1811 1292 1838 a
1319 1797 1456 1838 Dacis
1483 1798 1725 1838 imminens

119 1878 384 1934 periculum,
414 1884 576 1934 utpote
603 1878 649 1919 in
676 1892 724 1919 re
752 1878 954 1932 ancipiti,
984 1878 1234 1919 metuebat.
1269 1878 1374 1919 Non
1403 1878 1512 1932 quin
1540 1883 1586 1919 et
1614 1891 1724 1918 nun-

119 1960 210 2001 tius
257 1959 315 2001 de
363 1959 481 2001 felici
528 1958 645 2000 illius
692 1972 873 2014 pugnae
923 1958 1049 1999 exitu
1094 1958 1356 1999 Mucianum
1399 1971 1453 1999 eo
1497 1958 1724 1999 adducere

120 2041 322 2096 potuerit
363 2046 414 2082 ut
455 2041 592 2082 Dacis
634 2040 818 2082 obviam
861 2040 970 2080 iret:
1014 2039 1187 2080 sciebat
1230 2039 1350 2081 enim
1396 2038 1565 2080 nullam
1605 2052 1724 2080 nunc

121 2134 304 2163 causam
337 2134 435 2162 esse
468 2134 546 2162 cur
579 2134 682 2161 cum
715 2120 859 2174 copiis
887 2120 977 2161 suis
1005 2120 1049 2160 in
1078 2119 1256 2161 Italiam
1285 2125 1564 2174 properaret,
1593 2118 1724 2160 hoste

119 2201 183 2243 ibi
226 2215 253 2243 a
295 2202 524 2256 praesenti
568 2201 770 2242 exercitu
815 2199 1038 2242 Flaviano
1081 2201 1171 2241 iam
1215 2198 1472 2254 profligato.
1517 2199 1607 2241 Sed
1642 2213 1725 2254 pro

126 2282 318 2335 „certior
350 2281 495 2323 factus
523 2282 580 2323 de
608 2281 904 2323 Cremonensi
932 2279 1150 2321 victoria”
1181 2280 1344 2321 Latine
1371 2280 1450 2321 vix
1476 2279 1565 2320 dici
1592 2292 1725 2334 posse

122 2362 326 2404 videtur:
365 2362 710 2416 „Cremonensis
743 2362 961 2403 victoriae
994 2360 1204 2415 gnarus.”

185 2524 244 2566 H.
272 2524 355 2574 III,
387 2533 454 2577 50.
494 2523 760 2579 „(Flaviani)
794 2522 1021 2564 exercitus
1055 2522 1283 2575 ducesque
1316 2521 1375 2563 ad
1406 2522 1583 2563 Fanum
1618 2522 1728 2563 For·-

121 2610 260 2646 tunae
300 2605 386 2646 iter
417 2605 594 2654 sistunt,
629 2604 686 2645 de
718 2616 895 2644 summa
927 2615 1076 2643 rerum
1110 2606 1388 2650 cunctantes,
1423 2602 1546 2655 quod
1581 2607 1728 2643 motas

122 2699 182 2727 ex
230 2685 341 2727 urbe
390 2685 642 2740 praetorias
689 2683 901 2725 cohortes
944 2683 1179 2724 audierant
1221 2688 1266 2724 et
1309 2683 1453 2723 teneri
1494 2683 1729 2737 praesidiis

122 2766 423 2821 Apenninum
456 2766 694 2815 rebantur3
732 2770 778 2806 et
806 2765 928 2819 ipsos
956 2765 1001 2805 in
1029 2764 1215 2818 regione
1243 2763 1364 2805 bello
1391 2764 1547 2805 attrita
1574 2764 1729 2819 inopia

123 2852 170 2888 et
213 2847 457 2889 seditiosae
501 2845 695 2887 militum
739 2858 876 2885 voces
917 2844 1172 2894 terrebant,
1217 2844 1463 2886 clavarium
1506 2843 1728 2899 (donativi

124 2941 292 2970 nomen
326 2928 410 2982 est)
444 2924 791 2982 flagitantium.'’

186 3007 308 3062 Quid
343 3008 429 3049 sibi
461 3007 534 3049 hic
568 3007 653 3048 ista
686 3019 778 3047 vox
805 3006 922 3061 ipsos
949 3005 1058 3046 velit
1086 3006 1209 3046 dicat
1235 3006 1312 3059 qui
1340 3005 1466 3046 sciat.
1500 3005 1575 3046 An
1603 3006 1731 3047 duces
