2040 3412
898 265 983 320 287

68 380 75 386 ⁸
136 374 373 423 praeterea
413 373 598 417 affertur
632 377 764 421 Ann.
799 381 879 432 VI,
912 396 983 436 40,
1027 387 1071 428 in
1105 384 1294 433 numero
1325 394 1544 438 alterutro
1578 399 1736 442 vitium

54 426 58 427 ⁷
134 449 408 504 typothetae
440 452 582 497 latere
616 458 808 502 videtur.

192 607 251 651 H.
280 609 339 661 V,
363 623 405 665 4.
441 613 511 656 De
540 617 741 660 moribus
769 621 1040 667 Iudaeorum
1069 633 1115 669 et
1141 629 1229 672 alia
1256 638 1301 673 et
1328 632 1440 676 haec
1469 638 1730 682 traduntur:

194 689 429 746 „Longam
474 695 581 738 olim
626 698 791 742 famem
835 705 1004 747 crebris
1041 708 1190 751 adhuc
1222 712 1398 755 ieiuniis
1431 715 1650 770 fatentur;
1686 727 1733 763 et

125 774 359 824 raptarum
391 773 569 830 frugum
603 788 921 834 argumentum
954 787 1084 840 panis
1117 789 1326 834 Iudaicus
1354 795 1477 837 nullo
1506 796 1729 842 fermento

125 848 370 894 detinetur’
374 852 384 869 ’
413 853 455 910 ¹).

184 930 289 974 Non
331 947 537 990 repugno
580 942 824 994 quominus
865 947 1088 990 vocabula
1119 963 1162 1004 q.
1191 964 1225 992 s.
1258 961 1498 1009 raptarum
1521 960 1724 1014 frugum

118 1009 183 1052 sic
220 1011 573 1069 interpretemur
606 1026 655 1062 ut
687 1022 740 1063 iis
771 1024 1052 1079 significetur
1085 1018 1317 1084 quondam
1351 1035 1544 1079 Iudaeos
1577 1039 1726 1094 fruges

66 1137 69 1147 f
116 1086 233 1133 sicut
265 1106 341 1135 eas
373 1095 431 1137 de
463 1111 573 1152 agro
601 1109 848 1155 rapuerant
876 1108 1143 1160 comedisse,
1172 1125 1255 1153 nee
1284 1113 1403 1156 facta
1430 1116 1536 1159 inde
1565 1118 1722 1171 farina,

35 1174 51 1220 J
115 1183 200 1213 nec
226 1174 368 1216 coctis
395 1175 480 1218 illis
508 1178 656 1222 aliove
684 1184 823 1225 modo
852 1185 1064 1230 subactis.
1099 1190 1272 1233 Verum
1301 1194 1440 1248 ipsius
1468 1198 1530 1239 rei
1549 1202 1722 1243 mentio

113 1249 163 1292 in
199 1256 580 1307 praecedentibus
623 1260 743 1304 facta
785 1278 882 1306 esse
915 1267 1150 1321 -debebat;
1195 1277 1242 1313 at
1285 1280 1353 1316 est
1396 1277 1453 1318 de
1491 1292 1544 1320 ea
1577 1279 1720 1323 altum

112 1330 356 1386 silentium,
400 1351 485 1380 nec
528 1340 676 1383 minus
720 1343 777 1385 de
819 1345 957 1400 longa
999 1348 1074 1390 illa
1117 1350 1249 1393 fame.
1293 1353 1585 1412 Quapropter
1626 1374 1718 1403 non

109 1412 207 1455 sine
249 1428 384 1459 causa
416 1420 621 1475 suspicor
654 1437 678 1464 e
711 1437 748 1466 c.
783 1429 1076 1480 praecedenti
1111 1433 1334 1476 excidisse
1368 1438 1594 1490 quaedam
1606 1458 1616 1491 3
1650 1448 1717 1484 at-

109 1500 200 1547 que
242 1502 393 1539 exstat
435 1499 497 1540 ibi
541 1501 667 1544 locus
695 1504 816 1547 haud
851 1507 989 1549 dubie
1022 1509 1274 1555 lacunosus.
1311 1515 1558 1571 Postquam
1591 1521 1713 1563 enim

106 1580 337 1618 narratum
369 1584 449 1629 est,
479 1593 568 1634 qua
595 1582 870 1628 allocutione
899 1588 1283 1643 Moysessolatus
1309 1595 1368 1637 sit
1397 1597 1556 1652 vulgus
1574 1602 1714 1643 vastis

104 1653 312 1700 relictum
345 1657 470 1710 locis,
504 1660 617 1704 haec
650 1672 924 1719 sequuntur:

166 1736 444 1790 „Assensere
485 1747 624 1797 atque
669 1747 871 1789 omnium
910 1749 1052 1803 ignari
1086 1752 1323 1797 fortuitum
1356 1757 1441 1799 iter
1472 1759 1708 1815 incipiunt.

100 1813 192 1858 Sed
224 1817 336 1860 nihil
369 1834 515 1875 aeque
548 1837 685 1878 quam
720 1826 875 1882 inopia
907 1843 1053 1884 aquae
1086 1832 1354 1888 fatigabatss’

159 1897 230 1939 De
272 1898 371 1941 aliis
411 1905 640 1946 aerumnis
683 1906 772 1949 iam
814 1907 1016 1952 locutum
1059 1926 1156 1954 esse
1190 1914 1413 1967 Tacitum,
1457 1933 1560 1962 curn
1594 1922 1703 1965 illud

95 1977 179 2019 sed
205 1979 324 2021 m'lzz'l
350 1995 389 2023 e.
424 1996 468 2037 q.
501 1997 535 2025 s.
571 1992 777 2039 poneret,
812 1989 922 2030 mihi
955 1991 1141 2045 quidem
1175 2001 1368 2038 constat.

157 2057 396 2103 Praeterea
425 2077 508 2117 pro
535 2065 756 2108 detinetur
785 2075 941 2111 nostro
967 2070 1069 2113 loco
1096 2075 1315 2117 retinetur
1340 2077 1584 2132 legendum
1610 2089 1699 2125 est:

93 2139 342 2183 retinentur
369 2144 489 2185 enim
518 2128 599 2187 eae
628 2161 711 2198 res,
741 2149 905 2202 quibus
930 2153 1147 2205 pristinae
1163 2156 1226 2196 rei
1243 2164 1448 2201 servatur
1466 2151 1698 2207 memoria.

149 2297 207 2341 H.
243 2301 301 2352 V,
333 2311 370 2356 5.
417 2304 690 2349 Iudaeorum
734 2309 892 2364 religio
936 2318 1157 2366 quantum
1201 2316 1380 2360 differat
1411 2321 1470 2362 ab
1504 2322 1693 2380 Aegyp-

85 2379 252 2422 tiorum
286 2382 358 2423 vel
392 2386 590 2428 maxime
625 2388 729 2430 hinc
764 2397 980 2445 apparet:

148 2459 398 2516 „Aegyptii
441 2465 658 2521 pleraque
702 2470 915 2512 animalia
948 2473 1210 2528 effigiesque
1242 2481 1520 2533 compositas
1555 2498 1690 2527 vene-

81 2545 258 2591 rantur;
294 2542 450 2585 Iudaei
484 2553 638 2589 mente
671 2549 767 2591 sola
801 2565 1031 2606 unumque
1064 2568 1232 2597 numen
1262 2558 1554 2615 intellegunt:
1585 2579 1687 2619 pro-

78 2617 220 2670 sanOS‚
253 2623 331 2675 qui
364 2624 500 2667 deum
534 2627 753 2682 imagines
787 2632 1054 2675 mortalibus
1087 2638 1286 2679 materiis
1319 2640 1363 2681 in
1397 2644 1571 2696 species
1603 2646 1683 2688 ho-

77 2699 250 2742 minum
282 2703 522 2759 effingant:
557 2721 784 2751 summum
811 2711 921 2754 illud
950 2719 996 2755 et
1022 2720 1258 2758 aeternum
1287 2733 1434 2775 neque
1463 2724 1684 2769 imitabile

0 2792 3 2834 ζ
75 2793 224 2835 neque
256 2783 590 2829 interiturum.”

0 2846 5 2860 .

119 2953 155 2997 1)
181 2955 222 2987 In
248 2956 401 3000 imagine
426 2961 557 2994 codicis
583 2964 815 3007 phototypica
840 2951 911 3009 legi
938 2969 1064 3011 nequit
1090 2970 1147 3003 hic
1173 2972 1283 3006 locus.
