2040 3412
884 312 967 359 273

126 459 130 461 >
187 426 247 470 H.
280 425 348 476 11,'
371 426 442 480 63.
476 424 618 479 Apud
647 423 857 466 Flavium
885 422 1105 466 Sabinum
1134 414 1414 477 praefectum
1443 421 1564 463 urbis
1590 420 1726 463 Dola-

126 506 260 558 bella,
294 507 371 562 qui
403 506 463 548 ab
496 504 680 548 Othone
715 505 759 546 in
793 503 1018 546 coloniam
1051 503 1334 558 Aquinatem
1362 507 1459 544 erat
1487 502 1726 556 sepositus,

125 586 185 631 ab
212 586 361 629 amieo
390 585 566 641 perfido
594 589 830 626 accusatur
858 584 981 638 quod
1009 583 1164 625 audita
1193 588 1338 624 morte
1366 581 1562 624 Othonis
1580 587 1727 623 custo-

127 667 250 710 diam
282 666 491 722 rupisset,
523 665 656 707 victis
687 664 893 719 partibus
921 678 968 706 se
1001 668 1289 713 ostentasset,
1324 662 1560 704 cohortem
1587 675 1727 716 quan-

127 747 234 791 dam
266 746 573 789 sollicitasset:

194 827 318 883 „Nec
346 826 447 868 ullis
473 831 706 868 tantorum
734 825 973 866 criminum
1001 823 1347 879 probationibus
1376 822 1418 877 (i.
1447 836 1485 863 e.
1516 835 1618 863 cum
1646 821 1728 875 eri-

125 909 254 951 mina
284 907 361 950 illa
391 906 516 949 nullo
548 906 687 948 modo
721 906 914 960 probare
948 904 1117 959 posset)
1151 903 1195 944 in
1230 902 1558 958 paenitentiam
1575 914 1730 943 versus

130 988 396 1047 (accusator)
429 1001 576 1029 seram
609 987 789 1028 veniam
823 991 927 1040 post
954 984 1099 1026 scelus
1131 974 1394 1038 quaerebat.
1426 982 1729 1024 Cunctantem

129 1083 266 1126 supra
306 1074 436 1111 tanta
477 1082 524 1110 re
569 1067 779 1110 Flavium
823 1049 1262 1114 Sabinum-Triaria,
1305 1065 1359 1105 L.
1394 1063 1568 1105 Vitellii
1601 1075 1729 1111 uxor,

130 1150 248 1194 ultra
288 1149 504 1192 feminam
549 1148 696 1198 ferox,
741 1147 919 1196 terruit,
963 1160 1019 1187 ne
1062 1144 1263 1200 periculo
1306 1143 1522 1199 principis
1562 1142 1730 1184 famam

75 1276 77 1282 ,
130 1230 400 1274 clementiae
433 1227 730 1271 adfectaret.”

794 1282 799 1299 l

191 1311 370 1354 Deinde
414 1310 605 1364 legimus
649 1307 884 1356 Sabinum,
927 1306 1158 1347 hominem
1202 1305 1430 1359 ignavum,
1475 1303 1561 1344 hoc
1603 1315 1731 1356 argu-

132 1397 288 1435 mento
321 1391 507 1440 victum,
541 1402 644 1430 cum
676 1393 812 1429 antea
845 1385 1112 1428 Dolabellae
1145 1398 1330 1439 parcere
1357 1383 1586 1431 voluisset,
1614 1381 1732 1422 ultro

115 1485 319 1528 ‚operam
362 1470 542 1513 dedisse
586 1474 634 1510 ut
679 1467 868 1510 Vitellio
911 1465 1174 1520 imperatori
1218 1478 1354 1518 quam
1400 1463 1598 1504 maxima
1639 1462 1734 1502 eius

124 1552 266 1608 ‘culpa
313 1551 563 1600 videretur;
614 1562 698 1590 nec
741 1548 925 1589 frustra:
975 1547 1095 1587 iussu
1139 1545 1259 1586 enim
1303 1543 1476 1585 Vitellii
1521 1543 1733 1584 miserum

132 1633 366 1676 hominem
399 1629 703 1673 interfectum.

194 1713 284 1756 Hic
315 1726 372 1754 ne
406 1713 560 1753 omnia
592 1725 619 1752 a
651 1709 813 1751 Tacito
842 1707 1113 1772 confusaet
1144 1704 1190 1746 τὸ
1219 1702 1384 1756 ὕστερον
1413 1701 1603 1755 πρότερον
1634 1716 1735 1757 pro-

36 1786 49 1792 *
101 1794 335 1850 *positum
382 1798 649 1841 statuamus,
698 1790 942 1831 verborum
996 1800 1167 1841 „seram
1216 1785 1397 1827 veniam
1445 1789 1550 1838 post
1591 1782 1736 1824 scelus

135 1873 388 1930 quaesivit”
438 1873 555 1914 hanc
604 1884 700 1912 esse
749 1869 1024 1911 sententiam
1072 1866 1343 1908 sumendum
1391 1870 1473 1914 est,
1514 1862 1736 1905 eiusmodi

134 1955 337 2004 crimina,
380 1953 588 2008 quamvis
631 1950 811 1992 infirmo
844 1949 1095 1990 niterentur
1127 1947 1439 1995 fundamento,
1473 1951 1627 1986 tamen
1660 1943 1737 1984 illo

135 2040 343 2090 tempore
371 2047 449 2075 reo
477 2045 657 2087 semper
685 2035 854 2072 certam
885 2027 1088 2070 attulisse
1117 2027 1377 2081 perniciem.
1408 2025 1556 2067 Multo
1582 2030 1737 2065 tamen

137 2115 298 2157 melius
338 2113 651 2156 cohaerebunt
694 2111 860 2159 omnia,
895 2108 1130 2162 multoque
1164 2106 1323 2148 melius
1355 2106 1465 2159 quid
1497 2105 1583 2146 sibi
1616 2104 1736 2145 istud

136 2208 284 2238 seram
332 2193 443 2235 velit
490 2191 815 2246 intelligemus,
864 2190 900 2230 si
948 2194 1053 2243 post
1099 2194 1369 2229 cunctantem
1418 2185 1737 2226 inseruerimus

136 2277 251 2319 enim
272 2273 316 2330 ¹),
364 2280 414 2316 ut
460 2273 536 2315 illa
582 2270 844 2314 coniunctio
888 2269 994 2310 inde
1037 2281 1063 2309 a
1104 2281 1216 2309 voce
1258 2273 1526 2308 cunctantem
1570 2264 1739 2305 narrari

138 2356 372 2411 quomodo
414 2359 564 2396 totum
606 2352 717 2394 illud
760 2351 818 2392 sit
850 2352 1086 2405 peractum
1119 2347 1353 2401 negotium
1386 2345 1558 2386 indicet
1590 2343 1739 2398 (Enim

139 2436 265 2493 Belg.
281 2453 291 2478 ε
330 2433 630 2490 „namelijk”).

202 2572 353 2636 H.'11‚
387 2586 458 2638 64.
492 2583 737 2639 Egregiam
770 2586 816 2623 et
848 2579 1024 2633 antiqui
1058 2577 1195 2619 moris
1223 2576 1437 2617 feminam
1468 2574 1601 2628 fuisse
1631 2573 1742 2616 Sex-

140 2666 285 2709 tiliam
317 2664 494 2708 Vitellii
526 2668 720 2705 matrem
753 2661 915 2715 insigni
949 2658 1169 2714 probatur
1202 2655 1428 2710 exemplo.
1463 2654 1700 2709 Sequitur:

206 2747 331 2801 „Nec
373 2745 473 2786 ullis
515 2749 676 2798 postea
719 2741 926 2782 fortunae
968 2737 1191 2779 illecebris
1224 2741 1302 2777 aut
1335 2735 1510 2776 ambitu
1544 2735 1742 2776 civitatis

142 2828 188 2869 in
220 2826 436 2881 gaudium
470 2825 619 2865 evicta
651 2823 812 2864 domus
844 2832 950 2861 suae
981 2823 1160 2859 tantum
1194 2816 1386 2857 adversa
1417 2814 1602 2856 sensit.”

194 2959 229 3002 1)
262 2959 304 2991 In
338 2957 459 2989 codice
492 2955 583 2987 inter
616 2957 834 2986 cunctantem
867 2956 901 2983 et
934 2954 1046 2992 supra
1080 2947 1163 2979 satis
1199 2951 1251 2978 est
1278 2946 1383 2988 spatii
1409 2945 1620 2988 compendio
1646 2945 1744 2977 vocis

143 3013 247 3056 enirn..
271 3020 306 3048 et
329 3015 453 3047 liturae
478 3014 535 3045 hic
561 3018 613 3045 est
639 3011 804 3054 suspicio.

1561 3070 1603 3104 18
