2040 3412
1038 920 1166 961 XIX.

597 1097 665 1130 AD
702 1098 969 1131 HISTORIAS
1003 1099 1395 1132 ANNOTATIONES
1428 1099 1633 1132 VARIAE.

378 1247 439 1288 H.
475 1248 507 1297 I,
550 1260 612 1302 13.
656 1247 915 1299 Causarum,
950 1262 1027 1290 cur
1059 1248 1292 1291 Othonem
1323 1251 1544 1304 adoptare
1578 1248 1724 1292 Galba
1755 1247 1910 1301 nollet,

318 1333 362 1368 et
407 1327 523 1369 hanc
567 1328 701 1370 fuisse
738 1342 872 1370 unam
904 1342 952 1370 se
984 1330 1161 1371 credere
1191 1329 1375 1371 Tacitus
1407 1329 1644 1384 significat,
1676 1329 1800 1384 quod
1833 1342 1912 1384 pa-

320 1421 415 1448 rum
450 1421 474 1448 e
519 1407 750 1462 republica
794 1414 975 1463 putaret
1016 1409 1155 1450 talem
1197 1410 1237 1450 ei
1281 1409 1533 1464 relinquere
1580 1421 1910 1454 successoremvz

322 1488 483 1538 „credo
517 1493 563 1528 et
596 1487 870 1542 reipublicae
903 1502 1056 1530 curam
1089 1489 1273 1539 subisse,
1309 1489 1470 1531 frustra
1500 1503 1527 1530 a
1561 1488 1743 1531 Nerone
1769 1493 1911 1533 trans-.

316 1565 453 1616 latae,¹
491 1567 526 1607 si
570 1568 691 1622 apud
735 1567 966 1610 Othonem
1010 1567 1382 1623 relinqueretur-’⁹
1426 1569 1553 1610 Haec
1595 1569 1735 1624 ipsius
1765 1567 1914 1611 Taciti

318 1646 456 1687 verba
503 1652 620 1687 sunt.
670 1646 831 1688 Altera
873 1660 1020 1697 causa,
1064 1648 1121 1688 de
1164 1662 1254 1702 qua
1295 1662 1386 1689 non
1428 1649 1581 1691 credat
1620 1648 1790 1703 aliquid
1831 1647 1912 1690 sed

318 1732 554 1780 comperta
596 1740 643 1768 se
686 1728 866 1768 tradere
908 1733 1033 1768 certo
1076 1729 1202 1778 sciat,
1246 1728 1357 1770 haee
1399 1734 1468 1770 est
1510 1729 1634 1783 quod
1667 1728 1793 1770 Vinii
1830 1741 1915 1783 pro

319 1806 504 1848 Othone
532 1806 721 1848 artificia
749 1806 895 1848 Galba
922 1808 1226 1862 perspexerit:
1261 1822 1433 1862 „neque
1457 1814 1554 1850 erat
1571 1807 1742 1859 Galbae
1760 1809 1916 1864 ignota

319 1885 515 1928 Othonis
542 1900 594 1927 ac
622 1886 713 1927 Titi
743 1886 868 1928 Vinii
896 1887 1138 1942 amicitia.”
1172 1887 1262 1930 Sed
1291 1893 1337 1928 et
1364 1888 1499 1928 tertia
1525 1901 1659 1929 causa
1690 1887 1916 1942 quaedam
2011 1865 2032 1890 τ’

319 1965 414 2014 fuit,
451 1979 568 2019 quae
599 1965 805 2016 Galbam,
833 1980 988 2008 senem
1019 1980 1246 2008 morosum
1275 1972 1321 2008 et
1347 1968 1563 2009 adversus
1589 1981 1791 2012 rumores
1817 1980 1916 2023 per.
1960 1963 1962 1990 ἱ
2012 1980 2031 1997 «

318 2046 529 2094 tinacem,
573 2045 825 2100 impelleret
867 2051 916 2087 ut
948 2047 1011 2087 sic
1044 2060 1196 2088 secum
1229 2046 1509 2100 loqueretur:
1548 2052 1620 2100 „at
1651 2060 1738 2102 ego
1770 2046 1816 2088 id
1847 2047 1930 2103 ip·v
1966 2031 1979 2101 η’]

319 2138 431 2173 sum,
480 2125 603 2178 quod
653 2138 725 2165 me
773 2125 994 2166 facturum
1043 2126 1346 2167 vaticinantur
1393 2126 1535 2180 inepti
1577 2125 1649 2168 isti
1690 2118 1912 2183 homines,
1980 2127 2027 2184 ²¹*

252 2208 254 2210 '
319 2218 550 2258 nunquam
585 2203 789 2245 faciam.”
823 2204 992 2246 Totum
1025 2205 1171 2246 Taciti
1204 2205 1352 2246 locum
1386 2206 1472 2246 huc
1505 2205 1808 2260 pertinentem
1835 2218 1913 2247 ex·
1972 2200 1976 2212 ³
2011 2205 2012 2208 ’

319 2284 527 2333 scribam,
571 2284 634 2325 ita
677 2284 885 2333 divisum,
929 2290 978 2324 ut
1021 2298 1169 2334 nemo,
1213 2285 1289 2338 qui
1334 2298 1449 2338 quae
1492 2285 1564 2326 hic
1603 2283 1912 2339 praemiserim

320 2363 492 2417 legerit,
537 2363 628 2404 ullo
672 2364 810 2404 modo
855 2363 1063 2405 dubitare
1106 2365 1261 2418 possit,
1305 2364 1413 2418 quin
1449 2378 1605 2406 causae
1635 2363 1698 2406 ibi
1731 2377 1913 2407 enume-

322 2449 489 2492 rentur,
534 2456 650 2496 quae
693 2442 751 2483 ab
797 2442 980 2484 Othone
1014 2449 1215 2484 mentem
1249 2441 1420 2484 Galbae
1455 2443 1526 2484 vel
1557 2438 1916 2486 abalienaverint

323 2522 393 2563 vel
426 2528 547 2563 certe
580 2522 836 2563 abalienare
871 2523 1124 2576 potuerint:

379 2617 421 2642 a.
458 2602 619 2655 Neque
643 2607 739 2643 erat
768 2601 939 2643 Galbae
967 2603 1124 2656 ignota
1153 2602 1347 2644 Othonis
1364 2616 1416 2643 ac
1435 2584 1543 2643 Titii
1562 2602 1686 2644 Vinii
1702 2603 1914 2646 amicitia.
1986 2597 2033 2648 Ξ

379 2681 417 2721 b.
452 2681 513 2721 Et
546 2681 799 2723 rumoribus
832 2681 941 2722 nihil
974 2681 1154 2723 silentio
1186 2682 1602 2732 transmittentium,
1637 2682 1914 2736 quia'Vinio

323 2760 457 2800 vidua
490 2760 592 2809 filia,
627 2760 805 2802 caelebs
839 2760 975 2810 Otho,
1009 2775 1148 2815 gener
1180 2775 1232 2802 ac
1265 2775 1393 2802 socer
1426 2761 1783 2803 destinabantur.

379 2853 413 2879 c.
457 2839 605 2879 Credo
649 2846 693 2880 et
735 2840 1010 2894 reipublicae
1053 2855 1206 2882 curam
1247 2841 1433 2891 subisse,
1477 2841 1638 2882 frustra
1669 2855 1695 2883 a
1728 2840 1910 2883 Nerone
1974 2861 1977 2863 >
2011 2859 2021 2902 Δ·

321 2918 576 2969 translatae,
610 2920 644 2959 si
677 2921 797 2974 apud
832 2920 1063 2962 Othonem
1097 2921 1435 2974 relinqueretur.

1886 3022 1916 3049 Q
