<?xml version="1.0" encoding="UTF-8"?>
<!DOCTYPE html PUBLIC "-//W3C//DTD XHTML 1.0 Transitional//EN"
    "http://www.w3.org/TR/xhtml1/DTD/xhtml1-transitional.dtd">
<html xmlns="http://www.w3.org/1999/xhtml" xml:lang="en" lang="en">
 <head>
  <title>
</title>
<meta http-equiv="Content-Type" content="text/html;charset=utf-8" />
  <meta name='ocr-system' content='tesseract 3.04.00' />
  <meta name='ocr-capabilities' content='ocr_page ocr_carea ocr_par ocr_line ocrx_word'/>
</head>
<body>
  <div class='ocr_page' id='page_1' title='image "analectatacitea00hartuoft_0163.png"; bbox 0 0 2040 3412; ppageno 0'>
   <div class='ocr_carea' id='block_1_1' title="bbox 0 0 465 3412">
    <p class='ocr_par' dir='ltr' id='par_1_1' title="bbox 0 0 465 3412">
     <span class='ocr_line' id='line_1_1' title="bbox 0 0 465 435; baseline 0 -71"><span class='ocrx_word' id='word_1_1' title='bbox 0 0 465 435; x_wconf 95' lang='lat' dir='ltr'><strong>  </strong></span> 
     </span>
     <span class='ocr_line' id='line_1_2' title="bbox 0 435 131 619; baseline 0 -23"><span class='ocrx_word' id='word_1_2' title='bbox 0 435 131 619; x_wconf 95' lang='lat' dir='ltr'><strong>   </strong></span> 
     </span>
     <span class='ocr_line' id='line_1_3' title="bbox 0 619 102 758; baseline 0 0"><span class='ocrx_word' id='word_1_3' title='bbox 0 619 102 758; x_wconf 95' lang='lat' dir='ltr'><strong>    </strong></span> 
     </span>
     <span class='ocr_line' id='line_1_4' title="bbox 0 758 79 928; baseline 0 -26"><span class='ocrx_word' id='word_1_4' title='bbox 0 758 79 928; x_wconf 95' lang='lat' dir='ltr'><strong>   </strong></span> 
     </span>
     <span class='ocr_line' id='line_1_5' title="bbox 0 928 70 1019; baseline 0 0"><span class='ocrx_word' id='word_1_5' title='bbox 0 928 70 1019; x_wconf 95' lang='lat' dir='ltr'><strong>  </strong></span> 
     </span>
     <span class='ocr_line' id='line_1_6' title="bbox 0 1019 62 1140; baseline 0 -40"><span class='ocrx_word' id='word_1_6' title='bbox 0 1019 62 1140; x_wconf 95' lang='lat' dir='ltr'><strong>   </strong></span> 
     </span>
     <span class='ocr_line' id='line_1_7' title="bbox 0 1140 62 1241; baseline 0.258 -12"><span class='ocrx_word' id='word_1_7' title='bbox 0 1140 62 1241; x_wconf 95' lang='lat' dir='ltr'><strong>  </strong></span> 
     </span>
     <span class='ocr_line' id='line_1_8' title="bbox 0 1241 67 1397; baseline 0 -80"><span class='ocrx_word' id='word_1_8' title='bbox 0 1241 67 1397; x_wconf 95' lang='lat' dir='ltr'><strong>   </strong></span> 
     </span>
     <span class='ocr_line' id='line_1_9' title="bbox 0 1397 66 1538; baseline 0 0"><span class='ocrx_word' id='word_1_9' title='bbox 0 1397 66 1538; x_wconf 95' lang='lat' dir='ltr'><strong>   </strong></span> 
     </span>
     <span class='ocr_line' id='line_1_10' title="bbox 0 1538 129 1785; baseline 0 -86"><span class='ocrx_word' id='word_1_10' title='bbox 0 1538 129 1785; x_wconf 95' lang='lat' dir='ltr'><strong>    </strong></span> 
     </span>
     <span class='ocr_line' id='line_1_11' title="bbox 0 1785 90 3412; baseline 0 -1469"><span class='ocrx_word' id='word_1_11' title='bbox 0 1785 90 3412; x_wconf 95' lang='lat' dir='ltr'><strong>    </strong></span> 
     </span>
    </p>
   </div>
   <div class='ocr_carea' id='block_1_2' title="bbox 816 292 958 343">
    <p class='ocr_par' dir='ltr' id='par_1_2' title="bbox 816 292 958 343">
     <span class='ocr_line' id='line_1_12' title="bbox 816 292 958 343; baseline 0 0"><span class='ocrx_word' id='word_1_12' title='bbox 816 300 822 306; x_wconf 83' lang='lat'>&#39;</span> <span class='ocrx_word' id='word_1_13' title='bbox 873 292 958 343; x_wconf 74' lang='lat' dir='ltr'><strong>v155</strong></span> 
     </span>
    </p>
   </div>
   <div class='ocr_carea' id='block_1_3' title="bbox 2 398 1790 3042">
    <p class='ocr_par' dir='ltr' id='par_1_3' title="bbox 62 398 1723 555">
     <span class='ocr_line' id='line_1_13' title="bbox 175 398 1723 466; baseline -0.001 -13.134"><span class='ocrx_word' id='word_1_14' title='bbox 175 409 299 453; x_wconf 91' lang='lat' dir='ltr'><strong>Ann.</strong></span> <span class='ocrx_word' id='word_1_15' title='bbox 333 409 414 460; x_wconf 93' lang='lat' dir='ltr'><strong>VI,</strong></span> <span class='ocrx_word' id='word_1_16' title='bbox 457 421 522 465; x_wconf 89' lang='lat'><strong>19.</strong></span> <span class='ocrx_word' id='word_1_17' title='bbox 560 398 730 463; x_wconf 86' lang='lat' dir='ltr'><strong>„Iacuit</strong></span> <span class='ocrx_word' id='word_1_18' title='bbox 763 411 986 452; x_wconf 86' lang='lat' dir='ltr'><strong>immensa</strong></span> <span class='ocrx_word' id='word_1_19' title='bbox 1011 408 1197 466; x_wconf 81' lang='lat' dir='ltr'><strong>strages,</strong></span> <span class='ocrx_word' id='word_1_20' title='bbox 1227 410 1374 452; x_wconf 86' lang='lat' dir='ltr'><strong>omnis</strong></span> <span class='ocrx_word' id='word_1_21' title='bbox 1400 420 1549 460; x_wconf 87' lang='lat' dir='ltr'><strong>sexus,</strong></span> <span class='ocrx_word' id='word_1_22' title='bbox 1576 409 1723 451; x_wconf 90' lang='lat' dir='ltr'><strong>omnis</strong></span> 
     </span>
     <span class='ocr_line' id='line_1_14' title="bbox 62 475 1353 551; baseline -0.002 -16"><span class='ocrx_word' id='word_1_23' title='bbox 62 475 254 551; x_wconf 54' lang='grc' dir='ltr'><strong>ξαεῐειε,</strong></span> <span class='ocrx_word' id='word_1_24' title='bbox 288 489 483 532; x_wconf 87' lang='lat' dir='ltr'><strong>illustres</strong></span> <span class='ocrx_word' id='word_1_25' title='bbox 514 490 739 545; x_wconf 84' lang='lat' dir='ltr'>ignobiles</span> <span class='ocrx_word' id='word_1_26' title='bbox 771 491 962 545; x_wconf 87' lang='lat' dir='ltr'><strong>dispersi</strong></span> <span class='ocrx_word' id='word_1_27' title='bbox 994 497 1072 533; x_wconf 88' lang='lat' dir='ltr'><strong>aut</strong></span> <span class='ocrx_word' id='word_1_28' title='bbox 1104 490 1353 546; x_wconf 85' lang='lat' dir='ltr'><strong>aggerati.”</strong></span> 
     </span>
    </p>

    <p class='ocr_par' dir='ltr' id='par_1_4' title="bbox 38 557 1790 1673">
     <span class='ocr_line' id='line_1_15' title="bbox 174 570 1723 627; baseline 0.001 -15.858"><span class='ocrx_word' id='word_1_29' title='bbox 174 570 399 614; x_wconf 84' lang='lat' dir='ltr'><strong>Immensa</strong></span> <span class='ocrx_word' id='word_1_30' title='bbox 439 575 645 626; x_wconf 77' lang='lat' dir='ltr'><strong>strages!</strong></span> <span class='ocrx_word' id='word_1_31' title='bbox 690 571 760 612; x_wconf 92' lang='lat' dir='ltr'><strong>De</strong></span> <span class='ocrx_word' id='word_1_32' title='bbox 802 571 914 613; x_wconf 87' lang='lat' dir='ltr'><strong>urbe</strong></span> <span class='ocrx_word' id='word_1_33' title='bbox 956 571 1014 613; x_wconf 91' lang='lat' dir='ltr'><strong>ab</strong></span> <span class='ocrx_word' id='word_1_34' title='bbox 1057 571 1264 613; x_wconf 89' lang='lat' dir='ltr'><strong>hostibus</strong></span> <span class='ocrx_word' id='word_1_35' title='bbox 1297 576 1434 627; x_wconf 88' lang='lat' dir='ltr'><strong>capta</strong></span> <span class='ocrx_word' id='word_1_36' title='bbox 1464 585 1723 619; x_wconf 89' lang='lat' dir='ltr'><strong>sermonem</strong></span> 
     </span>
     <span class='ocr_line' id='line_1_16' title="bbox 83 649 1723 706; baseline 0 -13"><span class='ocrx_word' id='word_1_37' title='bbox 83 654 215 698; x_wconf 51' lang='lat' dir='ltr'><strong>esse</strong></span> <span class='ocrx_word' id='word_1_38' title='bbox 246 655 394 706; x_wconf 82' lang='lat' dir='ltr'><strong>puteS,</strong></span> <span class='ocrx_word' id='word_1_39' title='bbox 426 650 504 705; x_wconf 92' lang='lat' dir='ltr'><strong>qui</strong></span> <span class='ocrx_word' id='word_1_40' title='bbox 537 649 655 692; x_wconf 89' lang='lat' dir='ltr'><strong>ferro</strong></span> <span class='ocrx_word' id='word_1_41' title='bbox 683 651 868 705; x_wconf 85' lang='lat' dir='ltr'><strong>ignique</strong></span> <span class='ocrx_word' id='word_1_42' title='bbox 896 651 1050 693; x_wconf 89' lang='lat' dir='ltr'><strong>omnia</strong></span> <span class='ocrx_word' id='word_1_43' title='bbox 1076 652 1310 701; x_wconf 83' lang='lat' dir='ltr'>vastarint,</span> <span class='ocrx_word' id='word_1_44' title='bbox 1340 651 1511 693; x_wconf 88' lang='lat' dir='ltr'><strong>incolas</strong></span> <span class='ocrx_word' id='word_1_45' title='bbox 1538 649 1723 694; x_wconf 82' lang='lat' dir='ltr'><strong>obviam</strong></span> 
     </span>
     <span class='ocr_line' id='line_1_17' title="bbox 76 727 1725 787; baseline -0.002 -11.036"><span class='ocrx_word' id='word_1_46' title='bbox 76 727 202 777; x_wconf 58' lang='lat' dir='ltr'><strong>§ibi</strong></span> <span class='ocrx_word' id='word_1_47' title='bbox 229 730 374 774; x_wconf 85' lang='lat' dir='ltr'><strong>factos</strong></span> <span class='ocrx_word' id='word_1_48' title='bbox 401 730 742 781; x_wconf 84' lang='lat' dir='ltr'>trucidaverint,</span> <span class='ocrx_word' id='word_1_49' title='bbox 771 732 1060 786; x_wconf 86' lang='lat' dir='ltr'><strong>pepercerint</strong></span> <span class='ocrx_word' id='word_1_50' title='bbox 1089 731 1273 773; x_wconf 90' lang='lat' dir='ltr'><strong>nemini.</strong></span> <span class='ocrx_word' id='word_1_51' title='bbox 1301 731 1368 773; x_wconf 90' lang='lat' dir='ltr'><strong>At</strong></span> <span class='ocrx_word' id='word_1_52' title='bbox 1397 746 1555 774; x_wconf 90' lang='lat' dir='ltr'><strong>revera</strong></span> <span class='ocrx_word' id='word_1_53' title='bbox 1577 732 1725 787; x_wconf 88' lang='lat' dir='ltr'><strong>agitur</strong></span> 
     </span>
     <span class='ocr_line' id='line_1_18' title="bbox 117 810 1724 866; baseline -0.002 -10.113"><span class='ocrx_word' id='word_1_54' title='bbox 54 811 176 857; x_wconf 87' lang='lat' dir='ltr'><strong>de</strong></span> <span class='ocrx_word' id='word_1_55' title='bbox 216 811 270 854; x_wconf 91' lang='lat' dir='ltr'><strong>iis</strong></span> <span class='ocrx_word' id='word_1_56' title='bbox 311 811 583 861; x_wconf 89' lang='lat' dir='ltr'><strong>hominibus,</strong></span> <span class='ocrx_word' id='word_1_57' title='bbox 627 812 719 866; x_wconf 90' lang='lat' dir='ltr'><strong>qui,</strong></span> <span class='ocrx_word' id='word_1_58' title='bbox 763 812 962 853; x_wconf 88' lang='lat' dir='ltr'><strong>accusati</strong></span> <span class='ocrx_word' id='word_1_59' title='bbox 1005 812 1129 866; x_wconf 90' lang='lat' dir='ltr'><strong>quod</strong></span> <span class='ocrx_word' id='word_1_60' title='bbox 1173 825 1277 854; x_wconf 91' lang='lat' dir='ltr'><strong>cum</strong></span> <span class='ocrx_word' id='word_1_61' title='bbox 1321 810 1487 854; x_wconf 89' lang='lat' dir='ltr'><strong>Seiano</strong></span> <span class='ocrx_word' id='word_1_62' title='bbox 1520 812 1724 863; x_wconf 87' lang='lat' dir='ltr'><strong>fecerint,</strong></span> 
     </span>
     <span class='ocr_line' id='line_1_19' title="bbox 52 877 1725 951; baseline 0 -17"><span class='ocrx_word' id='word_1_63' title='bbox 52 877 306 951; x_wconf 19' lang='lat' dir='ltr'><strong>{lfaoiisilia</strong></span> <span class='ocrx_word' id='word_1_64' title='bbox 346 891 442 934; x_wconf 91' lang='lat' dir='ltr'><strong>eius</strong></span> <span class='ocrx_word' id='word_1_65' title='bbox 483 891 754 942; x_wconf 87' lang='lat' dir='ltr'><strong>adiuverint‚</strong></span> <span class='ocrx_word' id='word_1_66' title='bbox 797 892 1158 934; x_wconf 90' lang='lat' dir='ltr'><strong>emolumentum</strong></span> <span class='ocrx_word' id='word_1_67' title='bbox 1198 892 1383 947; x_wconf 87' lang='lat' dir='ltr'><strong>aliquod</strong></span> <span class='ocrx_word' id='word_1_68' title='bbox 1416 892 1474 934; x_wconf 87' lang='lat' dir='ltr'><strong>ab</strong></span> <span class='ocrx_word' id='word_1_69' title='bbox 1508 906 1564 935; x_wconf 89' lang='lat' dir='ltr'><strong>eo</strong></span> <span class='ocrx_word' id='word_1_70' title='bbox 1597 906 1725 935; x_wconf 90' lang='lat' dir='ltr'><strong>acce-</strong></span> 
     </span>
     <span class='ocr_line' id='line_1_20' title="bbox 49 955 1724 1038; baseline -0.001 -23"><span class='ocrx_word' id='word_1_71' title='bbox 65 971 282 1029; x_wconf 48' lang='lat' dir='ltr'><strong>&amp;perine</strong></span> <span class='ocrx_word' id='word_1_72' title='bbox 324 973 463 1014; x_wconf 85' lang='lat' dir='ltr'><strong>etiam</strong></span> <span class='ocrx_word' id='word_1_73' title='bbox 506 972 552 1013; x_wconf 94' lang='lat' dir='ltr'><strong>in</strong></span> <span class='ocrx_word' id='word_1_74' title='bbox 596 969 1044 1015; x_wconf 56' lang='lat' dir='ltr'><strong>vinculis&#39;iudicium</strong></span> <span class='ocrx_word' id='word_1_75' title='bbox 1089 978 1134 1014; x_wconf 90' lang='lat' dir='ltr'><strong>et</strong></span> <span class='ocrx_word' id='word_1_76' title='bbox 1177 967 1610 1015; x_wconf 82' lang='lat' dir='ltr'><strong>condemnationem</strong></span> <span class='ocrx_word' id='word_1_77' title='bbox 1648 986 1724 1014; x_wconf 88' lang='lat' dir='ltr'><strong>ex·</strong></span> 
     </span>
     <span class='ocr_line' id='line_1_21' title="bbox 42 1039 1724 1110; baseline -0.001 -15"><span class='ocrx_word' id='word_1_78' title='bbox 42 1039 342 1110; x_wconf 47' lang='lat' dir='ltr'><strong>3‘5&#39;1&#39;53pectent.</strong></span> <span class='ocrx_word' id='word_1_79' title='bbox 387 1052 457 1094; x_wconf 94' lang='lat' dir='ltr'><strong>Ne</strong></span> <span class='ocrx_word' id='word_1_80' title='bbox 490 1058 588 1095; x_wconf 90' lang='lat' dir='ltr'><strong>tum</strong></span> <span class='ocrx_word' id='word_1_81' title='bbox 621 1053 823 1107; x_wconf 87' lang='lat' dir='ltr'><strong>quidem,</strong></span> <span class='ocrx_word' id='word_1_82' title='bbox 856 1067 959 1095; x_wconf 91' lang='lat' dir='ltr'><strong>cum</strong></span> <span class='ocrx_word' id='word_1_83' title='bbox 993 1049 1063 1095; x_wconf 64' lang='lat' dir='ltr'><strong>nil*</strong></span> <span class='ocrx_word' id='word_1_84' title='bbox 1087 1053 1220 1095; x_wconf 90' lang='lat' dir='ltr'><strong>nobis</strong></span> <span class='ocrx_word' id='word_1_85' title='bbox 1253 1054 1310 1095; x_wconf 93' lang='lat' dir='ltr'><strong>de</strong></span> <span class='ocrx_word' id='word_1_86' title='bbox 1345 1067 1502 1095; x_wconf 91' lang='lat' dir='ltr'><strong>eorum</strong></span> <span class='ocrx_word' id='word_1_87' title='bbox 1536 1067 1724 1095; x_wconf 92' lang='lat' dir='ltr'><strong>numero</strong></span> 
     </span>
     <span class='ocr_line' id='line_1_22' title="bbox 41 1133 1726 1200; baseline 0.002 -29"><span class='ocrx_word' id='word_1_88' title='bbox 41 1140 70 1200; x_wconf 56' lang='lat'><strong>{³</strong></span> <span class='ocrx_word' id='word_1_89' title='bbox 111 1133 335 1177; x_wconf 64' lang='lat' dir='ltr'><strong>traditum</strong></span> <span class='ocrx_word' id='word_1_90' title='bbox 369 1138 502 1184; x_wconf 91' lang='lat' dir='ltr'><strong>esset,</strong></span> <span class='ocrx_word' id='word_1_91' title='bbox 530 1133 700 1188; x_wconf 81' lang='lat' dir='ltr'><strong>aliquot</strong></span> <span class='ocrx_word' id='word_1_92' title='bbox 724 1147 881 1175; x_wconf 92' lang='lat' dir='ltr'><strong>eorum</strong></span> <span class='ocrx_word' id='word_1_93' title='bbox 908 1133 1043 1175; x_wconf 91' lang='lat' dir='ltr'><strong>fuisse</strong></span> <span class='ocrx_word' id='word_1_94' title='bbox 1072 1133 1198 1175; x_wconf 81' lang='lat' dir='ltr'><strong>milia</strong></span> <span class='ocrx_word' id='word_1_95' title='bbox 1228 1133 1357 1175; x_wconf 89' lang='lat' dir='ltr'><strong>facile</strong></span> <span class='ocrx_word' id='word_1_96' title='bbox 1386 1133 1518 1175; x_wconf 92' lang='lat' dir='ltr'><strong>nobis</strong></span> <span class='ocrx_word' id='word_1_97' title='bbox 1545 1146 1726 1188; x_wconf 92' lang='lat' dir='ltr'><strong>persua-</strong></span> 
     </span>
     <span class='ocr_line' id='line_1_23' title="bbox 111 1212 1726 1278; baseline -0.002 -21.125"><span class='ocrx_word' id='word_1_98' title='bbox 111 1212 350 1278; x_wconf 73' lang='lat' dir='ltr'><strong>deremus:</strong></span> <span class='ocrx_word' id='word_1_99' title='bbox 385 1218 430 1255; x_wconf 94' lang='lat' dir='ltr'><strong>et</strong></span> <span class='ocrx_word' id='word_1_100' title='bbox 464 1218 619 1255; x_wconf 86' lang='lat' dir='ltr'><strong>tamen</strong></span> <span class='ocrx_word' id='word_1_101' title='bbox 652 1213 698 1254; x_wconf 95' lang='lat' dir='ltr'><strong>id</strong></span> <span class='ocrx_word' id='word_1_102' title='bbox 733 1214 864 1255; x_wconf 88' lang='lat' dir='ltr'><strong>nobis</strong></span> <span class='ocrx_word' id='word_1_103' title='bbox 896 1214 1169 1255; x_wconf 89' lang='lat' dir='ltr'><strong>sumendum</strong></span> <span class='ocrx_word' id='word_1_104' title='bbox 1203 1213 1333 1263; x_wconf 90' lang='lat' dir='ltr'><strong>foret,</strong></span> <span class='ocrx_word' id='word_1_105' title='bbox 1363 1214 1447 1254; x_wconf 90' lang='lat' dir='ltr'><strong>nisi</strong></span> <span class='ocrx_word' id='word_1_106' title='bbox 1475 1213 1726 1254; x_wconf 85' lang='lat' dir='ltr'><strong>admodum</strong></span> 
     </span>
     <span class='ocr_line' id='line_1_24' title="bbox 52 1291 1726 1349; baseline -0.002 -12.016"><span class='ocrx_word' id='word_1_107' title='bbox 52 1291 362 1338; x_wconf 49' lang='lat' dir='ltr'><strong>habsurdam</strong></span> <span class='ocrx_word' id='word_1_108' title='bbox 405 1293 553 1335; x_wconf 92' lang='lat' dir='ltr'><strong>Taciti</strong></span> <span class='ocrx_word' id='word_1_109' title='bbox 596 1294 653 1335; x_wconf 93' lang='lat' dir='ltr'><strong>de</strong></span> <span class='ocrx_word' id='word_1_110' title='bbox 695 1300 845 1349; x_wconf 88' lang='lat' dir='ltr'><strong>strage</strong></span> <span class='ocrx_word' id='word_1_111' title='bbox 889 1294 964 1336; x_wconf 92' lang='lat' dir='ltr'><strong>illa</strong></span> <span class='ocrx_word' id='word_1_112' title='bbox 997 1294 1380 1336; x_wconf 86' lang='lat' dir='ltr'><strong>exclamationem</strong></span> <span class='ocrx_word' id='word_1_113' title='bbox 1413 1294 1557 1336; x_wconf 91' lang='lat' dir='ltr'><strong>videri</strong></span> <span class='ocrx_word' id='word_1_114' title='bbox 1591 1292 1726 1335; x_wconf 91' lang='lat' dir='ltr'><strong>velle-</strong></span> 
     </span>
     <span class='ocr_line' id='line_1_25' title="bbox 110 1372 1726 1428; baseline -0.001 -13.04"><span class='ocrx_word' id='word_1_115' title='bbox 110 1385 232 1415; x_wconf 81' lang='lat' dir='ltr'><strong>muS.</strong></span> <span class='ocrx_word' id='word_1_116' title='bbox 265 1372 388 1428; x_wconf 83' lang='lat' dir='ltr'><strong>Quid</strong></span> <span class='ocrx_word' id='word_1_117' title='bbox 421 1387 530 1428; x_wconf 90' lang='lat' dir='ltr'><strong>ergo</strong></span> <span class='ocrx_word' id='word_1_118' title='bbox 562 1387 681 1416; x_wconf 90' lang='lat' dir='ltr'><strong>nunc</strong></span> <span class='ocrx_word' id='word_1_119' title='bbox 715 1374 847 1415; x_wconf 92' lang='lat' dir='ltr'><strong>nobis</strong></span> <span class='ocrx_word' id='word_1_120' title='bbox 880 1375 937 1415; x_wconf 92' lang='lat' dir='ltr'><strong>de</strong></span> <span class='ocrx_word' id='word_1_121' title='bbox 971 1388 1024 1415; x_wconf 91' lang='lat' dir='ltr'><strong>ea</strong></span> <span class='ocrx_word' id='word_1_122' title='bbox 1055 1374 1350 1416; x_wconf 88' lang='lat' dir='ltr'><strong>statuendum</strong></span> <span class='ocrx_word' id='word_1_123' title='bbox 1385 1379 1454 1415; x_wconf 91' lang='lat' dir='ltr'><strong>est</strong></span> <span class='ocrx_word' id='word_1_124' title='bbox 1482 1379 1726 1428; x_wconf 86' lang='lat' dir='ltr'><strong>postquam</strong></span> 
     </span>
     <span class='ocr_line' id='line_1_26' title="bbox 77 1438 1790 1510; baseline -0.001 -13.041"><span class='ocrx_word' id='word_1_125' title='bbox 57 1495 80 1497; x_wconf 90' lang='grc'><em>,</em></span> <span class='ocrx_word' id='word_1_126' title='bbox 113 1455 418 1509; x_wconf 68' lang='lat' dir='ltr'><strong>cognovimus</strong></span> <span class='ocrx_word' id='word_1_127' title='bbox 444 1454 486 1509; x_wconf 93' lang='lat' dir='ltr'><strong>(e</strong></span> <span class='ocrx_word' id='word_1_128' title='bbox 516 1453 755 1509; x_wconf 88' lang='lat' dir='ltr'><strong>Suetonio)</strong></span> <span class='ocrx_word' id='word_1_129' title='bbox 784 1468 875 1496; x_wconf 92' lang='lat' dir='ltr'><strong>non</strong></span> <span class='ocrx_word' id='word_1_130' title='bbox 894 1455 1044 1510; x_wconf 90' lang='lat' dir='ltr'><strong>plures</strong></span> <span class='ocrx_word' id='word_1_131' title='bbox 1061 1456 1226 1510; x_wconf 71' lang='lat' dir='ltr'><strong>viginti</strong></span> <span class='ocrx_word' id='word_1_132' title='bbox 1242 1455 1429 1496; x_wconf 89' lang='lat' dir='ltr'><strong>miseros</strong></span> <span class='ocrx_word' id='word_1_133' title='bbox 1447 1454 1547 1496; x_wconf 91' lang='lat' dir='ltr'><strong>illos</strong></span> <span class='ocrx_word' id='word_1_134' title='bbox 1563 1453 1728 1496; x_wconf 87' lang='lat' dir='ltr'><strong>fuisse?</strong></span> <span class='ocrx_word' id='word_1_135' title='bbox 1787 1438 1790 1442; x_wconf 17' lang='grc' dir='ltr'><strong><em>Δ</em></strong></span> 
     </span>
     <span class='ocr_line' id='line_1_27' title="bbox 118 1534 1728 1590; baseline -0.001 -14.047"><span class='ocrx_word' id='word_1_136' title='bbox 118 1534 428 1580; x_wconf 70' lang='lat' dir='ltr'><strong>,Credamusne</strong></span> <span class='ocrx_word' id='word_1_137' title='bbox 471 1535 675 1590; x_wconf 88' lang='lat' dir='ltr'><strong>ingentia</strong></span> <span class='ocrx_word' id='word_1_138' title='bbox 712 1535 860 1577; x_wconf 92' lang='lat' dir='ltr'><strong>Taciti</strong></span> <span class='ocrx_word' id='word_1_139' title='bbox 893 1536 1033 1578; x_wconf 89' lang='lat' dir='ltr'><strong>verba</strong></span> <span class='ocrx_word' id='word_1_140' title='bbox 1065 1536 1174 1587; x_wconf 74' lang='lat' dir='ltr'><strong>satis</strong></span> <span class='ocrx_word' id='word_1_141' title='bbox 1207 1535 1390 1577; x_wconf 92' lang='lat' dir='ltr'><strong>defendi</strong></span> <span class='ocrx_word' id='word_1_142' title='bbox 1423 1534 1728 1577; x_wconf 90' lang='lat' dir='ltr'><strong>annotationi-</strong></span> 
     </span>
     <span class='ocr_line' id='line_1_28' title="bbox 40 1605 971 1673; baseline -0.002 -14"><span class='ocrx_word' id='word_1_143' title='bbox 40 1605 74 1673; x_wconf 30' lang='grc' dir='ltr'><strong>’ἦ</strong></span> <span class='ocrx_word' id='word_1_144' title='bbox 120 1615 206 1659; x_wconf 85' lang='lat' dir='ltr'><strong>bus</strong></span> <span class='ocrx_word' id='word_1_145' title='bbox 237 1615 384 1671; x_wconf 90' lang='lat' dir='ltr'><strong>qualis</strong></span> <span class='ocrx_word' id='word_1_146' title='bbox 415 1621 484 1657; x_wconf 89' lang='lat' dir='ltr'><strong>est</strong></span> <span class='ocrx_word' id='word_1_147' title='bbox 516 1615 628 1657; x_wconf 92' lang='lat' dir='ltr'><strong>haec</strong></span> <span class='ocrx_word' id='word_1_148' title='bbox 662 1615 971 1671; x_wconf 90' lang='lat' dir='ltr'><strong>Nipperdeyi:</strong></span> 
     </span>
    </p>

    <p class='ocr_par' dir='ltr' id='par_1_5' title="bbox 2 1682 1731 3042">
     <span class='ocr_line' id='line_1_29' title="bbox 123 1682 1731 1754; baseline -0.002 -14"><span class='ocrx_word' id='word_1_149' title='bbox 123 1737 151 1754; x_wconf 80' lang='grc' dir='ltr'><strong> </strong></span> <span class='ocrx_word' id='word_1_150' title='bbox 185 1711 259 1751; x_wconf 81' lang='lat' dir='ltr'><strong>„es</strong></span> <span class='ocrx_word' id='word_1_151' title='bbox 291 1697 348 1739; x_wconf 88' lang='lat' dir='ltr'><strong>ist</strong></span> <span class='ocrx_word' id='word_1_152' title='bbox 382 1711 434 1746; x_wconf 85' lang='lat' dir='ltr'><strong>zu</strong></span> <span class='ocrx_word' id='word_1_153' title='bbox 468 1696 716 1739; x_wconf 89' lang='lat' dir='ltr'><strong>bemerken</strong></span> <span class='ocrx_word' id='word_1_154' title='bbox 750 1697 853 1739; x_wconf 89' lang='lat' dir='ltr'><strong>dass</strong></span> <span class='ocrx_word' id='word_1_155' title='bbox 887 1682 960 1738; x_wconf 89' lang='lat' dir='ltr'><strong>die</strong></span> <span class='ocrx_word' id='word_1_156' title='bbox 995 1697 1303 1751; x_wconf 88' lang='lat' dir='ltr'><strong>Hinrichtung</strong></span> <span class='ocrx_word' id='word_1_157' title='bbox 1330 1696 1420 1738; x_wconf 74' lang='lat' dir='ltr'><strong>v&#39;on</strong></span> <span class='ocrx_word' id='word_1_158' title='bbox 1451 1707 1507 1738; x_wconf 92' lang='lat'><strong>20</strong></span> <span class='ocrx_word' id='word_1_159' title='bbox 1534 1696 1616 1738; x_wconf 90' lang='lat' dir='ltr'><strong>auf</strong></span> <span class='ocrx_word' id='word_1_160' title='bbox 1637 1696 1731 1738; x_wconf 91' lang='lat' dir='ltr'><strong>ein-</strong></span> 
     </span>
     <span class='ocr_line' id='line_1_30' title="bbox 90 1777 1731 1833; baseline -0.002 -12.061"><span class='ocrx_word' id='word_1_161' title='bbox 70 1777 211 1821; x_wconf 36' lang='lat' dir='ltr'><strong>&lt;amal</strong></span> <span class='ocrx_word' id='word_1_162' title='bbox 243 1778 405 1833; x_wconf 79' lang='lat' dir='ltr'><strong>immet</strong></span> <span class='ocrx_word' id='word_1_163' title='bbox 436 1783 576 1819; x_wconf 88' lang='lat' dir='ltr'><strong>etwas</strong></span> <span class='ocrx_word' id='word_1_164' title='bbox 608 1778 1071 1819; x_wconf 87' lang='lat' dir='ltr'><strong>ausserordentliches</strong></span> <span class='ocrx_word' id='word_1_165' title='bbox 1105 1779 1175 1827; x_wconf 88' lang='lat' dir='ltr'><strong>ist,</strong></span> <span class='ocrx_word' id='word_1_166' title='bbox 1205 1779 1326 1819; x_wconf 90' lang='lat' dir='ltr'><strong>dann</strong></span> <span class='ocrx_word' id='word_1_167' title='bbox 1355 1777 1465 1819; x_wconf 90' lang='lat' dir='ltr'><strong>aber</strong></span> <span class='ocrx_word' id='word_1_168' title='bbox 1493 1777 1731 1818; x_wconf 76' lang='lat' dir='ltr'><strong>immensus</strong></span> 
     </span>
     <span class='ocr_line' id='line_1_31' title="bbox 40 1846 1701 1911; baseline -0.002 -9"><span class='ocrx_word' id='word_1_169' title='bbox 40 1846 74 1909; x_wconf 48' lang='lat' dir='ltr'><strong>[s</strong></span> <span class='ocrx_word' id='word_1_170' title='bbox 116 1858 193 1902; x_wconf 83' lang='lat' dir='ltr'><strong>bei</strong></span> <span class='ocrx_word' id='word_1_171' title='bbox 226 1858 335 1901; x_wconf 82' lang='lat' dir='ltr'><strong>Tac.</strong></span> <span class='ocrx_word' id='word_1_172' title='bbox 368 1858 495 1900; x_wconf 91' lang='lat' dir='ltr'><strong>nicht</strong></span> <span class='ocrx_word' id='word_1_173' title='bbox 529 1858 658 1899; x_wconf 92' lang='lat' dir='ltr'><strong>mehr</strong></span> <span class='ocrx_word' id='word_1_174' title='bbox 690 1858 911 1900; x_wconf 89' lang='lat' dir='ltr'><strong>bedeutet</strong></span> <span class='ocrx_word' id='word_1_175' title='bbox 943 1858 1032 1899; x_wconf 90' lang='lat' dir='ltr'><strong>als:</strong></span> <span class='ocrx_word' id='word_1_176' title='bbox 1071 1857 1485 1900; x_wconf 89' lang='lat' dir='ltr'><strong>ausserordentlich</strong></span> <span class='ocrx_word' id='word_1_177' title='bbox 1517 1855 1701 1911; x_wconf 87' lang='lat' dir='ltr'><strong>gross”?</strong></span> 
     </span>
     <span class='ocr_line' id='line_1_32' title="bbox 179 1938 1729 1994; baseline -0.002 -13.34"><span class='ocrx_word' id='word_1_178' title='bbox 179 1939 316 1982; x_wconf 87' lang='lat' dir='ltr'><strong>Haud</strong></span> <span class='ocrx_word' id='word_1_179' title='bbox 355 1940 519 1994; x_wconf 92' lang='lat' dir='ltr'><strong>opinor</strong></span> <span class='ocrx_word' id='word_1_180' title='bbox 531 1957 542 1990; x_wconf 93' lang='lat'>;</span> <span class='ocrx_word' id='word_1_181' title='bbox 578 1952 696 1988; x_wconf 90' lang='lat' dir='ltr'><strong>nam,</strong></span> <span class='ocrx_word' id='word_1_182' title='bbox 731 1952 1008 1993; x_wconf 86' lang='lat' dir='ltr'><strong>quamquam</strong></span> <span class='ocrx_word' id='word_1_183' title='bbox 1043 1938 1326 1980; x_wconf 89' lang='lat' dir='ltr'><strong>verissimam</strong></span> <span class='ocrx_word' id='word_1_184' title='bbox 1360 1951 1456 1979; x_wconf 90' lang='lat' dir='ltr'><strong>esse</strong></span> <span class='ocrx_word' id='word_1_185' title='bbox 1489 1942 1729 1990; x_wconf 91' lang='lat' dir='ltr'><strong>utramque</strong></span> 
     </span>
     <span class='ocr_line' id='line_1_33' title="bbox 36 2012 1727 2075; baseline -0.002 -14"><span class='ocrx_word' id='word_1_186' title='bbox 36 2012 45 2043; x_wconf 71' lang='lat' dir='ltr'>J</span> <span class='ocrx_word' id='word_1_187' title='bbox 119 2019 406 2075; x_wconf 84' lang='lat' dir='ltr'><strong>Nipperdeyi</strong></span> <span class='ocrx_word' id='word_1_188' title='bbox 438 2019 808 2069; x_wconf 85' lang='lat' dir='ltr'><strong>observationem</strong></span> <span class='ocrx_word' id='word_1_189' title='bbox 843 2031 1002 2060; x_wconf 91' lang='lat' dir='ltr'><strong>omnes</strong></span> <span class='ocrx_word' id='word_1_190' title='bbox 1035 2024 1216 2066; x_wconf 87' lang='lat' dir='ltr'><strong>norunt,</strong></span> <span class='ocrx_word' id='word_1_191' title='bbox 1251 2018 1328 2073; x_wconf 90' lang='lat' dir='ltr'><strong>qui</strong></span> <span class='ocrx_word' id='word_1_192' title='bbox 1362 2019 1407 2059; x_wconf 90' lang='lat' dir='ltr'><strong>in</strong></span> <span class='ocrx_word' id='word_1_193' title='bbox 1440 2017 1603 2059; x_wconf 86' lang='lat' dir='ltr'><strong>Tacito</strong></span> <span class='ocrx_word' id='word_1_194' title='bbox 1636 2030 1727 2058; x_wconf 89' lang='lat' dir='ltr'><strong>non</strong></span> 
     </span>
     <span class='ocr_line' id='line_1_34' title="bbox 2 2083 1729 2155; baseline -0.002 -14"><span class='ocrx_word' id='word_1_195' title='bbox 2 2083 13 2109; x_wconf 11' lang='grc' dir='ltr'><strong>ξ’</strong></span> <span class='ocrx_word' id='word_1_196' title='bbox 99 2099 255 2155; x_wconf 76' lang='lat' dir='ltr'><strong>,plane</strong></span> <span class='ocrx_word' id='word_1_197' title='bbox 298 2104 404 2141; x_wconf 86' lang='lat' dir='ltr'><strong>sunt</strong></span> <span class='ocrx_word' id='word_1_198' title='bbox 438 2099 656 2154; x_wconf 90' lang='lat' dir='ltr'><strong>hospites,</strong></span> <span class='ocrx_word' id='word_1_199' title='bbox 689 2105 844 2141; x_wconf 88' lang='lat' dir='ltr'><strong>tamen</strong></span> <span class='ocrx_word' id='word_1_200' title='bbox 879 2113 1031 2140; x_wconf 90' lang='lat' dir='ltr'><strong>earum</strong></span> <span class='ocrx_word' id='word_1_201' title='bbox 1067 2104 1227 2140; x_wconf 87' lang='lat' dir='ltr'><strong>neutra</strong></span> <span class='ocrx_word' id='word_1_202' title='bbox 1260 2099 1452 2153; x_wconf 89' lang='lat' dir='ltr'><strong>impedit</strong></span> <span class='ocrx_word' id='word_1_203' title='bbox 1486 2097 1729 2152; x_wconf 88' lang='lat' dir='ltr'><strong>quominus</strong></span> 
     </span>
     <span class='ocr_line' id='line_1_35' title="bbox 121 2177 1728 2234; baseline -0.002 -12.194"><span class='ocrx_word' id='word_1_204' title='bbox 121 2180 289 2230; x_wconf 87' lang='lat' dir='ltr'><strong>omnia,</strong></span> <span class='ocrx_word' id='word_1_205' title='bbox 322 2179 403 2221; x_wconf 90' lang='lat' dir='ltr'><strong>sed</strong></span> <span class='ocrx_word' id='word_1_206' title='bbox 436 2180 703 2234; x_wconf 84' lang='lat' dir='ltr'><strong>praesertim</strong></span> <span class='ocrx_word' id='word_1_207' title='bbox 736 2180 821 2221; x_wconf 90' lang='lat' dir='ltr'><strong>ista</strong></span> <span class='ocrx_word' id='word_1_208' title='bbox 847 2180 1040 2233; x_wconf 79' lang='lat' dir='ltr'><strong>dispersi</strong></span> <span class='ocrx_word' id='word_1_209' title='bbox 1066 2187 1146 2221; x_wconf 85' lang='lat' dir='ltr'><strong>aut</strong></span> <span class='ocrx_word' id='word_1_210' title='bbox 1172 2179 1395 2234; x_wconf 79' lang='lat' dir='ltr'><strong>aggerati,</strong></span> <span class='ocrx_word' id='word_1_211' title='bbox 1424 2178 1483 2219; x_wconf 90' lang='lat' dir='ltr'><strong>ab</strong></span> <span class='ocrx_word' id='word_1_212' title='bbox 1512 2177 1598 2219; x_wconf 93' lang='lat' dir='ltr'><strong>hoc</strong></span> <span class='ocrx_word' id='word_1_213' title='bbox 1626 2177 1728 2219; x_wconf 94' lang='lat' dir='ltr'><strong>loco</strong></span> 
     </span>
     <span class='ocr_line' id='line_1_36' title="bbox 40 2257 1727 2315; baseline -0.003 -12"><span class='ocrx_word' id='word_1_214' title='bbox 40 2266 66 2314; x_wconf 68' lang='grc' dir='ltr'><em>ῗ</em></span> <span class='ocrx_word' id='word_1_215' title='bbox 121 2266 170 2303; x_wconf 87' lang='lat' dir='ltr'><strong>et</strong></span> <span class='ocrx_word' id='word_1_216' title='bbox 198 2260 257 2302; x_wconf 89' lang='lat' dir='ltr'><strong>ab</strong></span> <span class='ocrx_word' id='word_1_217' title='bbox 290 2260 375 2302; x_wconf 90' lang='lat' dir='ltr'><strong>hac</strong></span> <span class='ocrx_word' id='word_1_218' title='bbox 408 2274 456 2302; x_wconf 91' lang='lat' dir='ltr'><strong>re</strong></span> <span class='ocrx_word' id='word_1_219' title='bbox 487 2274 625 2315; x_wconf 89' lang='lat' dir='ltr'><strong>quam</strong></span> <span class='ocrx_word' id='word_1_220' title='bbox 658 2260 932 2302; x_wconf 90' lang='lat' dir='ltr'><strong>alienissima</strong></span> <span class='ocrx_word' id='word_1_221' title='bbox 965 2274 1242 2302; x_wconf 89' lang='lat' dir='ltr'><strong>censeamus.</strong></span> <span class='ocrx_word' id='word_1_222' title='bbox 1279 2259 1338 2300; x_wconf 88' lang='lat' dir='ltr'><strong>Et</strong></span> <span class='ocrx_word' id='word_1_223' title='bbox 1367 2258 1476 2313; x_wconf 88' lang='lat' dir='ltr'><strong>quid</strong></span> <span class='ocrx_word' id='word_1_224' title='bbox 1504 2258 1589 2314; x_wconf 84' lang='lat' dir='ltr'><strong>sibi</strong></span> <span class='ocrx_word' id='word_1_225' title='bbox 1617 2257 1727 2299; x_wconf 92' lang='lat' dir='ltr'><strong>illud</strong></span> 
     </span>
     <span class='ocr_line' id='line_1_37' title="bbox 37 2338 1727 2401; baseline -0.004 -16"><span class='ocrx_word' id='word_1_226' title='bbox 37 2338 167 2401; x_wconf 38' lang='grc' dir='ltr'><strong>βχίη</strong></span> <span class='ocrx_word' id='word_1_227' title='bbox 213 2342 342 2384; x_wconf 82' lang='lat' dir='ltr'><strong>initio</strong></span> <span class='ocrx_word' id='word_1_228' title='bbox 386 2342 689 2397; x_wconf 76' lang='lat' dir='ltr'><strong>descriptionis</strong></span> <span class='ocrx_word' id='word_1_229' title='bbox 736 2342 934 2396; x_wconf 89' lang='lat' dir='ltr'><strong>positum</strong></span> <span class='ocrx_word' id='word_1_230' title='bbox 978 2341 1168 2382; x_wconf 92' lang='lat' dir='ltr'><strong>verbum</strong></span> <span class='ocrx_word' id='word_1_231' title='bbox 1211 2340 1350 2382; x_wconf 76' lang='lat' dir='ltr'><strong>iacuit</strong></span> <span class='ocrx_word' id='word_1_232' title='bbox 1389 2338 1499 2388; x_wconf 90' lang='lat' dir='ltr'><strong>vult,</strong></span> <span class='ocrx_word' id='word_1_233' title='bbox 1543 2338 1626 2379; x_wconf 90' lang='lat' dir='ltr'><strong>nisi</strong></span> <span class='ocrx_word' id='word_1_234' title='bbox 1672 2352 1727 2379; x_wconf 92' lang='lat' dir='ltr'><strong>eo</strong></span> 
     </span>
     <span class='ocr_line' id='line_1_38' title="bbox 120 2412 1726 2476; baseline -0.002 -12.185"><span class='ocrx_word' id='word_1_235' title='bbox 120 2422 329 2464; x_wconf 89' lang='lat' dir='ltr'><strong>iubemur</strong></span> <span class='ocrx_word' id='word_1_236' title='bbox 355 2422 496 2464; x_wconf 90' lang='lat' dir='ltr'><strong>oculis</strong></span> <span class='ocrx_word' id='word_1_237' title='bbox 523 2423 688 2463; x_wconf 89' lang='lat' dir='ltr'><strong>nostris</strong></span> <span class='ocrx_word' id='word_1_238' title='bbox 714 2412 1057 2476; x_wconf 91' lang='lat' dir='ltr'><strong>quodammodo</strong></span> <span class='ocrx_word' id='word_1_239' title='bbox 1075 2421 1216 2462; x_wconf 89' lang='lat' dir='ltr'><strong>latum</strong></span> <span class='ocrx_word' id='word_1_240' title='bbox 1236 2420 1433 2474; x_wconf 90' lang='lat' dir='ltr'><strong>aliquem</strong></span> <span class='ocrx_word' id='word_1_241' title='bbox 1452 2419 1726 2461; x_wconf 88' lang='lat' dir='ltr'><strong>cadaverum</strong></span> 
     </span>
     <span class='ocr_line' id='line_1_39' title="bbox 120 2499 1725 2558; baseline -0.002 -14.185"><span class='ocrx_word' id='word_1_242' title='bbox 120 2502 392 2558; x_wconf 88' lang='lat' dir='ltr'><strong>perlustrare</strong></span> <span class='ocrx_word' id='word_1_243' title='bbox 433 2501 675 2557; x_wconf 87' lang='lat' dir='ltr'><strong>campum?</strong></span> <span class='ocrx_word' id='word_1_244' title='bbox 720 2502 811 2544; x_wconf 86' lang='lat' dir='ltr'><strong>Sed</strong></span> <span class='ocrx_word' id='word_1_245' title='bbox 856 2515 993 2556; x_wconf 89' lang='lat' dir='ltr'><strong>quam</strong></span> <span class='ocrx_word' id='word_1_246' title='bbox 1035 2507 1191 2543; x_wconf 89' lang='lat' dir='ltr'><strong>tantae</strong></span> <span class='ocrx_word' id='word_1_247' title='bbox 1229 2499 1510 2542; x_wconf 89' lang='lat' dir='ltr'><strong>crudelitatis</strong></span> <span class='ocrx_word' id='word_1_248' title='bbox 1543 2513 1725 2541; x_wconf 89' lang='lat' dir='ltr'><strong>causam</strong></span> 
     </span>
     <span class='ocr_line' id='line_1_40' title="bbox 117 2580 1724 2636; baseline -0.002 -11.203"><span class='ocrx_word' id='word_1_249' title='bbox 117 2583 248 2631; x_wconf 81' lang='lat' dir='ltr'><strong>affert</strong></span> <span class='ocrx_word' id='word_1_250' title='bbox 280 2583 479 2633; x_wconf 87' lang='lat' dir='ltr'><strong>Tacitus,</strong></span> <span class='ocrx_word' id='word_1_251' title='bbox 513 2596 568 2624; x_wconf 92' lang='lat' dir='ltr'><strong>ea</strong></span> <span class='ocrx_word' id='word_1_252' title='bbox 601 2583 748 2624; x_wconf 89' lang='lat' dir='ltr'><strong>minus</strong></span> <span class='ocrx_word' id='word_1_253' title='bbox 780 2583 932 2632; x_wconf 90' lang='lat' dir='ltr'><strong>etiam,</strong></span> <span class='ocrx_word' id='word_1_254' title='bbox 966 2582 1002 2623; x_wconf 88' lang='lat' dir='ltr'><strong>si</strong></span> <span class='ocrx_word' id='word_1_255' title='bbox 1036 2582 1130 2623; x_wconf 90' lang='lat' dir='ltr'><strong>fieri</strong></span> <span class='ocrx_word' id='word_1_256' title='bbox 1164 2586 1330 2636; x_wconf 89' lang='lat' dir='ltr'><strong>potest,</strong></span> <span class='ocrx_word' id='word_1_257' title='bbox 1360 2586 1429 2622; x_wconf 91' lang='lat' dir='ltr'><strong>est</strong></span> <span class='ocrx_word' id='word_1_258' title='bbox 1457 2580 1724 2622; x_wconf 89' lang='lat' dir='ltr'><strong>verisimilis.</strong></span> 
     </span>
     <span class='ocr_line' id='line_1_41' title="bbox 54 2652 1724 2717; baseline -0.003 -11"><span class='ocrx_word' id='word_1_259' title='bbox 54 2652 59 2653; x_wconf 31' lang='lat'><em>⁷</em></span> <span class='ocrx_word' id='word_1_260' title='bbox 120 2663 447 2706; x_wconf 89' lang='lat' dir='ltr'><strong>Crudelitatem</strong></span> <span class='ocrx_word' id='word_1_261' title='bbox 463 2668 639 2704; x_wconf 89' lang='lat' dir='ltr'><strong>tantam</strong></span> <span class='ocrx_word' id='word_1_262' title='bbox 659 2662 965 2717; x_wconf 85' lang='lat' dir='ltr'><strong>intelligimus,</strong></span> <span class='ocrx_word' id='word_1_263' title='bbox 984 2662 1020 2703; x_wconf 88' lang='lat' dir='ltr'><strong>si</strong></span> <span class='ocrx_word' id='word_1_264' title='bbox 1039 2662 1250 2716; x_wconf 88' lang='lat' dir='ltr'><strong>fingimus</strong></span> <span class='ocrx_word' id='word_1_265' title='bbox 1267 2661 1456 2702; x_wconf 91' lang='lat' dir='ltr'><strong>tandem</strong></span> <span class='ocrx_word' id='word_1_266' title='bbox 1476 2660 1724 2714; x_wconf 90' lang='lat' dir='ltr'><strong>aliquando</strong></span> 
     </span>
     <span class='ocr_line' id='line_1_42' title="bbox 121 2740 1726 2799; baseline -0.003 -12.249"><span class='ocrx_word' id='word_1_267' title='bbox 121 2744 316 2799; x_wconf 82' lang='lat' dir='ltr'><strong>piguisse</strong></span> <span class='ocrx_word' id='word_1_268' title='bbox 349 2744 583 2785; x_wconf 91' lang='lat' dir='ltr'><strong>Tiberium</strong></span> <span class='ocrx_word' id='word_1_269' title='bbox 618 2742 769 2785; x_wconf 87' lang='lat' dir='ltr'><strong>Seiani</strong></span> <span class='ocrx_word' id='word_1_270' title='bbox 798 2744 983 2796; x_wconf 89' lang='lat' dir='ltr'><strong>eiusque</strong></span> <span class='ocrx_word' id='word_1_271' title='bbox 1011 2742 1237 2783; x_wconf 89' lang='lat' dir='ltr'><strong>sociorum</strong></span> <span class='ocrx_word' id='word_1_272' title='bbox 1266 2754 1592 2796; x_wconf 90' lang='lat' dir='ltr'><strong>recognoscere</strong></span> <span class='ocrx_word' id='word_1_273' title='bbox 1620 2740 1726 2782; x_wconf 87' lang='lat' dir='ltr'><strong>saci-</strong></span> 
     </span>
     <span class='ocr_line' id='line_1_43' title="bbox 46 2822 1725 2893; baseline -0.002 -27.012"><span class='ocrx_word' id='word_1_274' title='bbox 46 2828 62 2893; x_wconf 56' lang='grc' dir='ltr'><strong>ζῖ</strong></span> <span class='ocrx_word' id='word_1_275' title='bbox 121 2837 233 2866; x_wconf 86' lang='lat' dir='ltr'><strong>nora</strong></span> <span class='ocrx_word' id='word_1_276' title='bbox 263 2825 375 2875; x_wconf 89' lang='lat' dir='ltr'><strong>dira,</strong></span> <span class='ocrx_word' id='word_1_277' title='bbox 407 2825 572 2879; x_wconf 89' lang='lat' dir='ltr'><strong>quibus</strong></span> <span class='ocrx_word' id='word_1_278' title='bbox 604 2824 700 2879; x_wconf 90' lang='lat' dir='ltr'><strong>ipse</strong></span> <span class='ocrx_word' id='word_1_279' title='bbox 732 2823 818 2864; x_wconf 88' lang='lat' dir='ltr'><strong>toti</strong></span> <span class='ocrx_word' id='word_1_280' title='bbox 851 2824 1005 2878; x_wconf 90' lang='lat' dir='ltr'><strong>generi</strong></span> <span class='ocrx_word' id='word_1_281' title='bbox 1038 2823 1237 2865; x_wconf 90' lang='lat' dir='ltr'><strong>humano</strong></span> <span class='ocrx_word' id='word_1_282' title='bbox 1271 2823 1440 2864; x_wconf 88' lang='lat' dir='ltr'><strong>invisus</strong></span> <span class='ocrx_word' id='word_1_283' title='bbox 1474 2827 1594 2863; x_wconf 87' lang='lat' dir='ltr'><strong>esset</strong></span> <span class='ocrx_word' id='word_1_284' title='bbox 1625 2822 1725 2863; x_wconf 89' lang='lat' dir='ltr'><strong>red-</strong></span> 
     </span>
     <span class='ocr_line' id='line_1_44' title="bbox 123 2902 1725 2959; baseline -0.003 -11.255"><span class='ocrx_word' id='word_1_285' title='bbox 123 2905 256 2955; x_wconf 85' lang='lat' dir='ltr'><strong>ditus,</strong></span> <span class='ocrx_word' id='word_1_286' title='bbox 289 2905 599 2959; x_wconf 90' lang='lat' dir='ltr'><strong>sumimusque</strong></span> <span class='ocrx_word' id='word_1_287' title='bbox 631 2919 749 2954; x_wconf 91' lang='lat' dir='ltr'><strong>eum,</strong></span> <span class='ocrx_word' id='word_1_288' title='bbox 783 2918 885 2945; x_wconf 91' lang='lat' dir='ltr'><strong>cum</strong></span> <span class='ocrx_word' id='word_1_289' title='bbox 918 2904 1059 2945; x_wconf 88' lang='lat' dir='ltr'><strong>semel</strong></span> <span class='ocrx_word' id='word_1_290' title='bbox 1093 2905 1179 2945; x_wconf 78' lang='lat' dir='ltr'><strong>reis</strong></span> <span class='ocrx_word' id='word_1_291' title='bbox 1211 2904 1307 2945; x_wconf 90' lang='lat' dir='ltr'><strong>sine</strong></span> <span class='ocrx_word' id='word_1_292' title='bbox 1339 2916 1516 2944; x_wconf 89' lang='lat' dir='ltr'><strong>summa</strong></span> <span class='ocrx_word' id='word_1_293' title='bbox 1547 2916 1629 2943; x_wconf 90' lang='lat' dir='ltr'><strong>sua</strong></span> <span class='ocrx_word' id='word_1_294' title='bbox 1659 2902 1725 2943; x_wconf 90' lang='lat' dir='ltr'><strong>in-</strong></span> 
     </span>
     <span class='ocr_line' id='line_1_45' title="bbox 102 2982 1724 3042; baseline -0.002 -15.109"><span class='ocrx_word' id='word_1_295' title='bbox 102 2984 260 3036; x_wconf 52' lang='lat' dir='ltr'><strong>,famia</strong></span> <span class='ocrx_word' id='word_1_296' title='bbox 285 2999 470 3042; x_wconf 91' lang='lat' dir='ltr'><strong>parcere</strong></span> <span class='ocrx_word' id='word_1_297' title='bbox 498 2999 590 3027; x_wconf 94' lang='lat' dir='ltr'><strong>non</strong></span> <span class='ocrx_word' id='word_1_298' title='bbox 617 2990 786 3040; x_wconf 89' lang='lat' dir='ltr'><strong>posset,</strong></span> <span class='ocrx_word' id='word_1_299' title='bbox 813 2985 1084 3038; x_wconf 89' lang='lat' dir='ltr'><strong>quantocius</strong></span> <span class='ocrx_word' id='word_1_300' title='bbox 1106 2984 1290 3038; x_wconf 88' lang='lat' dir='ltr'><strong>defungi</strong></span> <span class='ocrx_word' id='word_1_301' title='bbox 1308 2983 1512 3025; x_wconf 85' lang='lat' dir='ltr'><strong>tristibus</strong></span> <span class='ocrx_word' id='word_1_302' title='bbox 1531 2982 1724 3025; x_wconf 90' lang='lat' dir='ltr'><strong>voluisse</strong></span> 
     </span>
    </p>
   </div>
  </div>
 </body>
</html>
