2040 3412
1078 290 1165 332 240

326 401 538 442 Romanis
564 400 673 441 socii
702 400 876 454 possint
902 400 1040 442 atteri
1065 399 1137 454 (de
1166 400 1228 440 rei
1257 400 1376 441 enim
1400 395 1628 442 familiaris
1645 394 1920 445 detrimento
1978 395 1995 403 ⁹

327 480 435 522 illud
470 480 659 521 verbum
687 479 944 534 adhibetur)
973 479 1198 533 intelligit,
1227 493 1375 534 neque
1402 481 1561 522 ordine
1589 482 1797 535 procedit
1822 487 1922 525 tota

327 560 538 601 narratio.
567 560 764 609 Etenim,
793 573 896 600 cum
925 559 988 600 sic
1016 565 1134 600 esset
1160 560 1505 614 disputandum:
1539 561 1780 614 „quoniam
1796 575 1923 624 arma

326 640 646 681 tantummodo
688 645 734 680 et
777 640 896 680 viros
939 639 1046 694 (non
1089 640 1343 694 pecuniam)
1389 640 1706 683 ministrabant
1747 637 1928 692 Batavi,

326 733 418 760 non
445 718 802 769 atterebantur”‚
831 720 1057 762 contrario
1085 733 1203 761 nunc
1232 720 1370 761 modo
1397 717 1920 777 ratiocinatur-scriptor:
1986 735 1988 738 ’

332 800 574 853 „quoniam
615 813 706 840 non
749 800 891 841 attriti
925 805 1066 849 erant,
1100 813 1226 841 arma
1257 801 1577 842 tantummodo
1610 806 1656 842 et
1688 802 1808 843 viros
1838 801 1928 843 im-'

327 880 453 934 perio
487 879 846 929 ministrabant‚”
890 880 1012 934 quod
1046 893 1182 933 quam
1215 880 1272 920 sit
1304 880 1549 922 absurdum
1583 894 1674 923 non
1707 875 1821 936 opus
1842 875 1927 924 cst·

328 947 654 1001 demonstrare.
698 961 890 1001 Rectam
933 959 1207 1001 emendandi
1251 960 1371 1002 viam
1414 951 1609 1002 Vlietius
1650 954 1804 1003 noster
1845 961 1922 1003 de-

329 1040 611 1090 monstravit,
655 1039 852 1081 delendo
894 1040 1128 1089 Romanis;
1174 1040 1254 1080 sed
1297 1040 1360 1081 sic
1402 1053 1585 1094 quoque
1628 1041 1750 1096 quod
1783 1035 1924 1083 restat

328 1120 446 1161 iusto
479 1100 631 1161 durius
659 1125 749 1161 est:
778 1120 978 1162 societate
1004 1120 1124 1160 enim
1152 1119 1390 1170 ablativus,
1419 1133 1576 1162 causae
1602 1134 1719 1174 quae
1744 1114 1924 1172 dicitur,

328 1201 426 1250 erit,
455 1206 500 1241 at
527 1201 678 1255 opibus
703 1199 928 1241 ablativus
946 1201 1113 1255 partis.
1143 1200 1371 1253 Equidem
1399 1205 1445 1241 et
1470 1200 1619 1254 opibus
1643 1206 1691 1242 et
1710 1201 1924 1243 Romanis

329 1294 354 1322 e
387 1282 589 1335 margine
622 1282 666 1322 in
701 1286 878 1322 textum
912 1281 1142 1335 irrepsisse
1175 1294 1353 1331 censeo,
1388 1294 1412 1322 e
1445 1281 1620 1323 duabus
1652 1286 1759 1323 nata
1784 1294 1925 1324 anno—

328 1361 599 1402 tationibus:
647 1361 705 1402 ad
747 1361 1018 1402 validiorum
1060 1361 1300 1415 adscripsit
1342 1361 1526 1415 aliquis:
1576 1360 1772 1415 „Romssr
1807 1361 1850 1416 (i.
1884 1357 1923 1404 e.

330 1441 677 1495 Romanorum),
721 1441 779 1482 ad
822 1441 995 1483 attriti:
1045 1440 1260 1495 „opibus”
1305 1441 1369 1495 (ut
1411 1440 1685 1495 significaret
1725 1441 1785 1485 ad
1825 1453 1922 1484 rem

329 1521 594 1562 familiarem
637 1520 745 1562 illud
790 1520 978 1562 verbum
1012 1521 1268 1575 pertinere).
1303 1520 1392 1563 Sed
1425 1526 1566 1562 restat
1596 1520 1766 1575 aliquid
1799 1521 1930 1576 quod'

329 1602 531 1643 nondum
574 1615 601 1642 a
643 1614 873 1655 quoquam
917 1614 1013 1642 esse
1053 1601 1344 1642 observatum
1377 1601 1536 1642 miror:
1569 1606 1619 1643 ut
1649 1606 1774 1643 totus
1805 1614 1924 1643 nunc
1991 1613 1994 1616 ’

327 1681 453 1722 locus
486 1681 603 1722 bene
636 1681 859 1730 decurrat,
892 1681 1213 1722 emendatione
1246 1694 1360 1735 opus
1392 1686 1474 1730 est,
1503 1694 1592 1735 qua
1618 1680 1763 1722 lenior
1788 1675 1924 1746 nulla,

326 1761 362 1801 si
395 1761 484 1801 iam
518 1760 779 1801 emendatio
812 1760 900 1801 dici
935 1765 1088 1814 potest
1116 1774 1234 1801 nova
1261 1760 1503 1801 verborum
1529 1761 1783 1803 distinctio:
1811 1760 1922 1803 illud

332 1840 477 1894 „viros
518 1846 697 1881 tantum
729 1853 944 1894 armaque
977 1841 1168 1894 imperio
1202 1839 1548 1882 ministrabant”
1580 1841 1626 1882 in
1648 1840 1920 1896 parenthesi,
2002 1842 2003 1845 ’

329 1926 378 1961 ut
422 1920 599 1970 dicitur,
634 1926 702 1961 est
735 1920 1065 1969 collocandum,
1100 1926 1148 1961 ut
1181 1933 1260 1961 sua
1294 1920 1432 1961 verba
1464 1921 1560 1975 ipse
1593 1920 1826 1976 explicans
1858 1921 1924 1962 in·
1959 1906 1966 1918 ’
1998 1977 2007 1989 ,

330 2000 521 2041 ducatur
561 1999 760 2040 Tacitus.
805 1999 925 2040 Vide
969 2013 1105 2053 quam
1149 1999 1265 2041 bene
1305 2014 1423 2042 nunc
1466 2001 1619 2042 omnia
1650 2000 1924 2043 cohaereant

329 2086 375 2121 et
409 2094 546 2134 quam
579 2081 667 2121 sint
701 2081 961 2135 perspicua:
1001 2080 1124 2133 „Nec
1157 2080 1375 2121 societate
1401 2079 1670 2122 validiorum
1696 2079 1840 2122 attriti
1866 2104 1926 2111 --

330 2161 449 2202 viros
490 2166 670 2202 tantum
703 2173 918 2214 armaque
951 2160 1142 2214 imperio
1175 2160 1492 2202 ministrabant
1523 2185 1595 2211 —‚
1630 2160 1707 2202 diu
1740 2159 1928 2203 Germa-

330 2241 441 2281 nicis
473 2240 603 2281 bellis
635 2240 835 2289 exerciti,
866 2253 974 2281 mox
1000 2245 1134 2281 aucta
1161 2254 1242 2294 per
1268 2240 1547 2282 Britanniam
1574 2239 1717 2295 gloria
1741 2253 1781 2282 e.
1799 2252 1843 2294 q.
1859 2237 1925 2282 s.”

391 2320 449 2361 H.
479 2320 560 2369 IV,
593 2320 659 2373 36.
694 2320 814 2360 Dum
843 2319 1033 2369 Vocula,
1062 2320 1138 2373 qui
1163 2321 1300 2361 modo
1319 2321 1490 2362 Vetera
1507 2321 1627 2362 haud
1645 2321 1925 2375 improspere

329 2405 487 2440 contra
519 2399 674 2440 Civilis
707 2400 928 2453 impetum
962 2399 1241 2449 defenderat,
1276 2413 1379 2441 cum
1413 2414 1577 2454 magna
1608 2405 1738 2456 parte
1771 2400 1923 2455 copia-

329 2493 425 2520 rum
459 2479 783 2520 frumentatum
815 2479 969 2520 abest:
1757 2471 1764 2475 ἢ

393 2559 581 2612 „iterum
614 2557 642 2613 ¹)
685 2558 838 2600 Civilis
882 2558 1054 2600 Vetera
1101 2558 1402 2600 circumsedit.
1447 2558 1624 2606 Vocula
1665 2556 1919 2601 Geldubam

329 2643 465 2691 atque
513 2639 618 2680 inde
668 2639 943 2680 Novaesium
989 2639 1224 2679 concessit.
1275 2638 1428 2680 Civilis
1475 2639 1599 2693 capit
1641 2637 1921 2688 Geldubam;

332 2732 439 2759 mox
464 2718 575 2759 haut
603 2719 759 2773 procul
789 2719 1016 2760 Novaesio
1040 2719 1237 2772 equestri
1263 2718 1436 2773 proelio
1454 2732 1669 2774 prospere
1686 2716 1923 2760 certavit.”
1986 2703 1991 2713 κ’

383 2862 417 2906 1)
450 2864 599 2906 lterum,
632 2863 681 2895 sic
716 2874 734 2895 e
768 2867 860 2895 certa
893 2862 1088 2905 Nipperdei
1123 2863 1366 2895 emendatione
1391 2863 1577 2906 legendum
1602 2867 1655 2895 est
1681 2872 1744 2905 pro
1769 2860 1926 2901 interim.

332 2920 361 2951 E
396 2930 425 2952 c.
459 2921 552 2952 enim
587 2929 632 2961 34
667 2925 752 2952 extr.
778 2920 915 2963 liquido
941 2924 1087 2962 apparet
1111 2920 1147 2951 in
1174 2922 1370 2963 praesentia
1397 2921 1546 2953 Civilem
1570 2925 1759 2966 castrorum
1784 2918 1924 2951 illorum

332 2977 552 3009 obsidionem
578 2978 746 3010 omisisse.
1847 2983 1850 2985 ’

2013 3008 2018 3015 ι
