2040 3412
898 299 973 330 101

130 409 346 465 legimus:
390 409 674 463 „promoveri
707 409 765 450 ad
800 414 1011 463 quartum
1043 422 1070 450 a
1103 397 1323 450 Bedriaco
1357 411 1503 447 castra
1537 403 1736 460 placuit”

129 490 159 532 i.
176 502 216 531 e.
249 493 444 544 quatuor
478 502 597 529 nunc
631 488 811 530 milibus
844 502 1058 543 passuum
1092 489 1279 543 propius
1312 487 1477 528 absunt
1506 500 1532 527 a
1560 484 1738 527 Vitelli-

131 569 252 620 anis;
282 582 341 610 ex
367 567 453 610 illis
480 568 646 609 deinde
673 569 831 610 castris
856 569 1110 623 procedunt
1135 568 1191 609 ad
1217 580 1429 621 pugnam,
1448 566 1528 607 sed
1547 579 1602 606 eo
1621 564 1736 614 loco,

134 649 259 704 quod
301 648 378 690 vix
409 661 769 689 commemorare
801 662 930 703 opus,
965 648 1040 689 ubi
1075 647 1297 702 proelium
1331 652 1399 688 est
1431 646 1737 695 commissum,

80 735 89 746 ·
133 727 256 771 nulla
288 733 434 770 castra
466 733 664 782 ponunt;
699 728 997 782 profligantur
1023 741 1048 768 a
1078 727 1348 776 Vitellianis,
1378 727 1454 780 qui
1482 740 1560 767 eos
1590 738 1738 780 perse-

137 813 336 864 quuntur
378 809 524 850 donec
568 808 653 862 ipsi
687 808 731 849 V
765 807 888 849 milia
924 820 1137 862 passuum
1170 820 1197 847 a
1229 806 1463 855 Bedriaco,
1497 806 1524 846 i.
1543 819 1581 846 e.
1617 804 1738 846 rnille

137 901 294 944 passus
325 902 352 929 a
383 888 541 929 castris
581 887 667 928 illis
705 887 866 941 capitis
906 899 975 941 39,
1009 887 1187 928 absunt.
1222 886 1434 927 Potuitne
1468 885 1581 927 ullus
1613 885 1739 926 locus

135 969 287 1024 aptior
312 967 562 1022 excogitari
591 957 941 1008 Vitellianorum
965 956 1282 1008 deliberationi
1306 972 1455 1007 utrum
1478 971 1625 1006 castra
1642 965 1739 1019 ipsa

135 1053 405 1104 oppugnent
438 1046 611 1089 necne?
1058 1038 1063 1043 ⁵

195 1128 254 1170 H.
288 1129 346 1178 II,
378 1128 451 1181 46.
484 1128 593 1169 Post
624 1126 846 1182 proelium
878 1127 999 1181 apud
1035 1126 1302 1168 Bedriacum
1336 1125 1501 1167 milites
1528 1125 1739 1166 omnibus

135 1209 283 1251 modis
305 1208 528 1250 consolari
552 1207 784 1250 Othonem
807 1208 1008 1256 student,
1033 1207 1400 1248 demonstrantes
1416 1219 1464 1246 se
1481 1206 1539 1247 ad
1558 1205 1739 1259 quasvis

136 1302 279 1331 novas
310 1293 494 1344 paratos
526 1301 715 1342 pugnas.

202 1369 326 1422 „Nec
353 1368 628 1423 praetoriani
656 1372 849 1417 tantum,
878 1368 1086 1422 proprius
1115 1366 1311 1408 Othonis
1340 1366 1480 1415 miles,
1509 1366 1588 1407 sed
1614 1379 1740 1420 prae-

140 1449 262 1491 missi
295 1463 319 1491 e
353 1449 528 1491 Moesia
561 1449 754 1490 eandem
788 1447 1144 1489 obstinationem
1177 1447 1468 1488 adventantis
1501 1446 1739 1495 exercitus,

138 1529 341 1584 legiones
373 1528 635 1583 Aquileiam
668 1529 891 1582 ingressas
924 1527 1209 1576 nuntiabant,
1244 1535 1294 1568 ut
1324 1541 1445 1568 nemo
1471 1526 1636 1568 dubitet
1662 1540 1740 1580 po-

139 1611 278 1653 tuisse
311 1610 519 1652 renovari
555 1609 722 1650 bellum
756 1623 794 1650 e.
813 1623 857 1667 q.
876 1608 955 1650 S.'’.

200 1691 357 1734 Verba
399 1698 449 1733 ut
488 1705 609 1733 nemo
650 1690 816 1732 dubitet
854 1677 952 1730 tum
986 1690 1170 1730 demum
1203 1688 1374 1742 aliquid
1407 1688 1741 1742 significabunt,

139 1786 242 1814 cum
285 1771 641 1813 intellexerimus
673 1770 746 1811 hic
779 1784 805 1811 a
838 1769 1000 1811 Tacito
1032 1769 1132 1810 illos
1165 1768 1345 1810 refutari
1379 1768 1632 1817 historicos,
1667 1769 1743 1822 qui

141 1853 393 1894 docuerunt
420 1857 524 1906 post
552 1865 752 1906 pugnam
777 1850 1124 1891 Bedriacensem
1149 1850 1205 1890 de
1224 1848 1421 1890 Othonis
1439 1861 1573 1889 causa
1591 1853 1743 1888 actum

141 1932 289 1983 fuisse,
333 1945 528 1986 eumque
571 1931 871 1986 desperatione
906 1930 963 1971 ad
999 1934 1193 1970 mortem
1227 1927 1524 1982 compulsum.
1561 1927 1649 1981 Qui
1682 1927 1743 1968 illi

142 2012 343 2054 historici
376 2011 541 2053 fuerint
573 2011 855 2065 ignoramus3
881 2010 1033 2064 fuisse
1064 2022 1202 2050 unum
1237 2008 1444 2062 pluresve
1479 2007 1564 2048 hoc
1598 2007 1743 2048 solum

140 2097 335 2134 constat.
384 2093 437 2133 Id
487 2105 573 2145 ego
617 2090 690 2132 hic
730 2071 918 2145 propter
962 2090 1299 2131 Mommsenum
1344 2101 1522 2136 mone0,
1567 2088 1643 2140 qui
1687 2087 1744 2127 de

99 2231 101 2234 ι
141 2172 447 2227 discrepantia
489 2171 780 2213 Plutarchum
820 2170 937 2211 inter
970 2169 1286 2222 Tacitumque,
1322 2167 1517 2209 Othonis
1550 2172 1744 2207 mortem

144 2258 391 2302 narrantes,
426 2252 489 2293 sic
523 2252 615 2293 fere
649 2250 921 2305 disputavit:

219 2331 509 2386 „Plutarchus
562 2336 713 2372 narrat
761 2329 876 2372 nulli
919 2328 1092 2383 proelio
1140 2328 1335 2369 adfuisse
1384 2326 1616 2368 Othonem
1664 2326 1743 2366 sed

145 2412 317 2454 Brixilli
346 2426 450 2454 eum
478 2411 744 2452 remansisse
774 2410 827 2464 (e.
847 2409 927 2463 V);
956 2408 1184 2450 transiisse
1212 2421 1314 2448 eum
1344 2407 1612 2447 Bedriacum
1640 2410 1746 2446 ante

145 2506 345 2547 pugnam
374 2498 423 2534 ut
449 2491 687 2533 consilium
711 2490 901 2531 haberet
924 2488 1117 2530 militare
1141 2488 1193 2542 (c.
1214 2487 1359 2541 VIII),
1384 2487 1488 2527 inde
1512 2485 1745 2527 Brixillum

143 2573 328 2614 rediisse
363 2573 418 2627 (e.
453 2572 531 2626 X);
568 2576 672 2626 post
705 2583 905 2624 pugnam
933 2569 1031 2623 ipso
1060 2568 1249 2609 absente
1277 2567 1320 2607 in
1350 2565 1537 2607 consilio
1566 2565 1747 2606 militari

146 2653 203 2694 de
252 2665 386 2694 causa
428 2651 692 2694 Othoniana
734 2649 990 2691 omittenda
1033 2648 1266 2688 decretum
1310 2646 1493 2687 factum.
1537 2646 1747 2699 Denique

145 2732 392 2781 Othonem,
420 2731 477 2773 de
503 2731 633 2772 clade
659 2730 899 2771 certiorem
925 2728 1109 2776 factum,
1135 2726 1342 2780 quamvis
1367 2726 1411 2766 in
1434 2725 1524 2766 fide
1548 2730 1748 2779 perstare

147 2811 313 2854 milites
355 2811 544 2860 videret,
588 2810 858 2864 abrumpere
901 2808 1043 2848 vitam
1086 2820 1213 2847 suam
1256 2806 1464 2846 statuisse
1502 2813 1551 2847 ut
1586 2805 1752 2846 civibus

139 2899 373 2950 parceret:
398 2889 559 2941 βιώσας
585 2889 695 2931 οὐδὲν
724 2886 1022 2935 ἐπιεικέστερον
1040 2885 1220 2939 Νέρωνος
1240 2884 1443 2928 ἀπέθανεν
1463 2884 1750 2937 εὐγενέστερον

147 2973 244 3031 ipse
278 2972 543 3017 Plutarchus
576 2971 652 3013 ait.
