2040 3412
1066 293 1146 323 122

304 399 491 450 Verum,
534 401 570 441 si
611 401 674 442 ita
715 414 785 442 res
817 415 864 443 se
897 401 1068 452 habuit,
1104 403 1336 457 quomodo
1368 404 1490 458 apud
1524 403 1744 459 inclusum
1777 401 1879 447 ill

305 479 540 535 Segestem
570 480 765 522 Arminii
796 496 909 523 uxor
935 496 1031 524 esse
1061 482 1258 537 potuerit
1286 484 1331 524 in
1359 483 1560 524 tenebris
1585 483 1710 526 latet.
1739 482 1900 541 Neq

304 561 390 602 hoc
434 561 582 603 minus
623 562 867 604 obscurum
902 563 978 617 qui
1011 576 1160 604 sermo
1192 562 1266 604 hic
1299 575 1396 604 esse
1430 563 1572 617 possit
1605 563 1662 605 de
1693 563 1833 606 dedu

306 642 359 696 (c.
397 651 448 696 57
483 641 537 683 f.:
588 642 688 696 „qui
732 647 829 684 tum
873 643 918 684 in
962 643 1244 685 deditionem
1287 642 1563 685 veniebant”
1605 649 1652 685 et
1684 656 1723 685 c.
1759 643 1912 700 592

311 722 455 775 „fama
489 722 632 764 dediti
661 722 953 777 benigneque
981 723 1162 778 excepti
1191 722 1404 778 Segestis’
1409 722 1450 778 ’.)
1470 723 1679 778 Denique
1696 722 1855 837 seg-538,-

307 815 398 843 non
441 801 713 843 beneficium
757 816 783 843 a
827 802 1046 844 Romanis
1088 808 1328 858 acceptum
1364 804 1585 858 agnoscit,
1618 817 1708 846 non
1739 816 1808 859 g
1918 860 1921 862 q

307 881 359 922 iis
385 882 478 936 agit
506 882 629 936 quod
658 897 716 924 ex
743 882 895 937 aliquo
922 883 979 924 sit
1005 897 1184 925 carcere
1200 883 1430 934 liberatus,
1448 884 1528 926 sed
1546 897 1593 925 se
1611 884 1669 926 de
1686 883 1759 927 Ro
1800 930 1803 933 ,
1885 863 1923 941 ἦ

308 963 488 1017 egregie
530 963 742 1004 meritum
784 963 1003 1018 gloriatur
1035 964 1104 1005 his
1136 946 1286 1006 verbis
1318 964 1371 1019 (c.
1409 964 1502 1019 58):
1542 977 1659 1017 „non
1690 964 1766 1008 hic
1806 984 1843 1018 ιι,

307 1043 478 1097 primus
510 1057 616 1097 erga
646 1043 904 1085 Romanum
931 1043 1037 1085 fidei
1066 1050 1112 1085 et
1140 1044 1423 1086 constantiae
1451 1043 1591 1086 dies”.
1610 1026 1914 1100 Quid're'v-f‘?

307 1124 509 1165 evenerit
543 1138 633 1165 non
667 1138 781 1179 opus
814 1130 882 1166 est
914 1130 963 1166 ut
997 1125 1074 1166 diu
1107 1139 1399 1180 quaeramus:
1433 1125 1669 1167 Romanus
1698 1122 1918 1181 επῇρῐ·ζ.

311 1209 360 1245 ut
392 1203 487 1245 fieri
520 1205 648 1254 solet,
683 1205 988 1260 turpissimam
1021 1219 1116 1247 rem
1148 1205 1365 1260 speciosis
1392 1205 1584 1247 involvit
1610 1199 1933 1264 verbis-HQ:

311 1289 493 1339 ereptus
526 1291 595 1326 est
627 1284 839 1340 Segestes
871 1299 896 1327 e
928 1286 1149 1340 custodia,
1185 1299 1322 1340 quam
1354 1286 1395 1328 ei
1428 1285 1815 1333 circumdederat:

311 1363 496 1414 minius,
555 1365 634 1406 sed
693 1365 882 1408 absente
937 1365 1146 1407 Arminio
1194 1379 1342 1420 neque
1390 1366 1640 1420 quidquam
1686 1354 1934 1426 εἰιιεωοῃζῖᾗ

310 1451 556 1495 metuente,
605 1445 816 1500 Segestes
863 1446 1037 1501 patriae
1085 1460 1267 1488 causam
1315 1445 1466 1487 valido
1509 1450 1647 1499 atque
1688 1428 1951 1509 opulenirfl:

311 1526 480 1579 raptori
515 1526 685 1580 prodit,
730 1532 867 1580 atque
910 1540 1098 1568 uxorem
1141 1526 1336 1568 Arminii
1380 1539 1482 1567 cum
1527 1524 1755 1567 fidissimis
1790 1523 1804 1567 i

309 1605 551 1647 comitibus
599 1606 643 1647 in
691 1606 1008 1661 captivitatem
1054 1606 1193 1648 tradit
1236 1605 1521 1655 Germanico,
1565 1603 1637 1647 cui
1682 1602 1960 1662 „pi-etim?

309 1685 391 1727 fuit
425 1691 690 1727 convertere
723 1686 917 1741 agmen”
949 1692 998 1728 ut
1030 1692 1185 1728 tantae
1219 1685 1512 1741 turpitudinis
1544 1683 1831 1730 emolument
1868 1664 1933 1728 ’Ξ

310 1766 513 1808 haberet.
543 1766 608 1808 At
625 1767 811 1809 Tacitus
827 1768 1049 1809 eiusmodi
1068 1767 1238 1822 flagitia
1254 1767 1441 1822 pulchra
1456 1771 1648 1809 exornat
1665 1764 1817 1821 speeie

311 1847 562 1889 dummodo
606 1848 696 1889 sint
728 1849 968 1890 commissa
999 1862 1025 1890 a
1058 1848 1343 1898 Germanico,
1377 1861 1468 1901 quo
1501 1847 1730 1894 neminem
1761 1843 1932 1889 τ

310 1927 449 1969 habet
481 1929 526 1969 in
559 1928 744 1970 deliciis.
779 1929 940 1970 Tacito
973 1934 1156 1970 auctore
1191 1942 1338 1982 neque
1371 1927 1563 1982 turpiter
1593 1939 1742 1981 neque
1774 1944 1782 1963 2
1836 1934 1902 1961 «”

309 2022 443 2062 agere
487 2008 782 2050 Germanicus
824 2010 986 2063 potuit.
1030 2009 1102 2050 En
1147 2009 1255 2063 quid
1298 2008 1355 2049 sit
1396 2008 1518 2061 „sine
1549 2007 1614 2049 ira
1645 2011 1692 2048 et
1723 2001 1939 2054 studff³

311 2087 544 2131 historiam
578 2089 788 2130 scribere.
826 2134 836 2141 ,
1842 2080 1947 2153 ,ff

371 2169 588 2211 Eiusdem
632 2169 888 2212 Germanici
931 2169 1210 2224 praeclarum
1253 2168 1424 2209 scilicet
1465 2165 1703 2208 consilium
1739 2170 1791 2207 et
1830 2156 1949 2226 „134‘
1983 2185 1986 2187 ·

309 2249 452 2290 lidum
485 2239 720 2291 inventum
753 2250 1022 2291 describitur
1054 2250 1112 2299 II,
1148 2258 1185 2302 5.
1215 2248 1279 2291 Ut
1308 2261 1455 2302 neque
1483 2246 1630 2300 longis
1654 2243 1887 2292 itinerib

311 2344 427 2384 quae
462 2330 694 2372 Romanos
728 2329 892 2371 milites
924 2329 1266 2378 exhauriebant,
1299 2333 1344 2369 et
1370 2328 1466 2368 sine
1494 2339 1658 2380 magna
1683 2337 1819 2380 equo

312 2411 456 2465 copia,
495 2411 658 2465 quibus
692 2410 998 2452 ministrandis
1030 2410 1118 2451 iam
1150 2409 1292 2450 fessae
1325 2413 1454 2449 erant
1486 2405 1671 2455 Galliae,
1702 2403 1814 2470 legi
1837 2424 1855 2440 ·
1940 2464 1942 2467 v

312 2506 448 2546 quam
492 2492 723 2533 celerrime
756 2492 800 2532 in
835 2491 1032 2532 mediam
1067 2490 1241 2544 possint
1274 2487 1459 2543 perduci
1492 2480 1795 2534 Germaniam,
1839 2475 1951 2555 'e

313 2574 443 2615 vibus
486 2587 561 2615 eas
603 2587 683 2627 per
726 2586 848 2614 mare
890 2571 947 2613 ad
992 2570 1226 2611 fluminum
1270 2582 1348 2610 ora
1388 2566 1553 2608 vehere
1592 2563 1948 2614 decrevit,.-s³³2

318 2655 567 2708 „integrum
609 2653 811 2707 equitem
844 2664 1075 2706 equosque
1107 2663 1215 2691 mox
1248 2648 1397 2689 media
1429 2647 1474 2687 in
1507 2644 1751 2687 Germania
1779 2641 1803 2685 f
1958 2635 1975 2670 Ῐ

313 2741 448 2776 ratus.
492 2734 640 2788 Quam
685 2734 844 2775 misere
887 2746 991 2773 eum
1034 2740 1149 2794 spes·
1174 2728 1382 2771 fefellerit
1413 2741 1470 2768 ne
1500 2725 1686 2767 Tacitus
1716 2723 1816 2778 qui,

313 2815 458 2856 celare
492 2820 657 2868 potest.
692 2814 762 2855 De
784 2814 893 2868 ipso
925 2811 1112 2853 consilio
1141 2810 1375 2851 videamus
1403 2804 1751 2858 Germanicique
1776 2797 1928 2871 inf

313 2894 574 2948 peragendo
603 2893 856 2948 prudentia.
887 2891 1011 2932 Mille
1039 2903 1177 2932 naves
1204 2890 1261 2930 ad
1289 2901 1389 2929 eam
1416 2899 1511 2928 rem
1538 2882 1738 2926 construi
1758 2876 1945 2944 ⁴iuss

314 2987 503 3028 quarum
547 2979 675 3014 erant
722 2973 896 3027 „plures
937 2970 1157 3025 adpositis
1194 2969 1421 3021 utrimque
1452 2961 1768 3020 gubernaculis
1798 2965 1910 3008 e*
