2040 3412
1101 306 1181 337 112

337 416 480 456 videri
527 429 630 456 eum
677 415 862 457 Tacitus
909 415 1055 470 cupit.
1104 414 1224 469 Quid
1266 414 1416 457 enim?
1458 414 1696 456 Admonet
1728 400 1966 473 samos-⁴4.

333 495 515 549 probris
539 503 762 538 senatores
788 502 837 537 ut
869 495 1185 550 „missionem”
1213 501 1374 550 petant
1405 494 1714 548 „honestam”,
1731 508 1871 550 seque
1886 493 1967 551 iiij*

338 589 391 616 ea
435 576 586 617 danda
622 589 712 617 non
744 576 890 617 solum
923 576 1101 618 facilem
1134 575 1228 617 fore
1262 577 1488 630 promittit
1520 576 1600 616 sed
1633 575 1771 617 etiam
1801 562 1974 643 εΗεο-’ἒ

337 661 487 696 turum
537 669 593 696 ne
641 656 880 710 quisquam
929 657 1177 710 quidquam
1225 656 1282 697 de
1326 655 1502 710 probris
1545 654 1629 696 illis
1670 640 1980 719 ευςρίοεῒιιτυ »

340 734 482 776 Simul
516 735 637 776 enim
671 741 717 776 et
749 749 905 777 eorum
938 736 1014 790 qui
1045 736 1269 778 honestam
1302 735 1424 776 illam
1457 735 1737 776 obtinuerint
1766 721 1974 786 missio->3

341 829 446 856 nem
489 820 535 856 et
577 829 733 857 eorum
776 817 852 870 qui
895 816 1014 871 (cum
1057 830 1232 857 summa
1267 816 1478 857 nimirum
1513 814 1776 871 ignominia)
1809 803 1981 878 invitia}

339 910 366 938 a
408 896 670 937 censoribus
710 902 869 938 senatu
914 897 1025 938 moti
1068 897 1156 938 sint
1196 911 1243 938 se
1276 896 1613 951 propositurum
1646 894 1845 946 nomina,
1876 884 1977 957 ita}

340 981 389 1017 ut
426 977 598 1030 „pudor
629 982 793 1030 sponte
826 977 1086 1018 cedentium
1113 982 1159 1017 et
1178 976 1406 1018 'iudicium
1441 989 1680 1017 censorum
1711 959 1985 1038 permixtas?

340 1056 635 1110 ignominiam
670 1055 918 1098 molliant'’.
953 1056 1032 1106 At,
1065 1069 1248 1111 quaeso,
1282 1056 1393 1097 utris
1425 1055 1535 1097 illud
1568 1054 1804 1097 consilium
1835 1056 1992 1114 pro-J(

340 1135 539 1177 futurum
576 1134 671 1176 est?
704 1135 837 1177 Certe
871 1148 962 1177 non
994 1136 1047 1176 iis
1079 1136 1155 1190 qui
1188 1135 1427 1178 honestam
1459 1140 1735 1190 acceperunt
1765 1133 1988 1195 itiusmo-3

342 1229 470 1257 nem:
499 1215 610 1256 nihil
637 1215 758 1256 enim
785 1215 987 1256 obstabit
1013 1215 1254 1269 quominus
1281 1220 1327 1256 et
1354 1215 1438 1270 ipsi
1467 1220 1681 1270 putentur
1701 1227 1729 1256 a
1749 1204 1974 1278 censore‘ff

342 1300 501 1336 senatu
534 1295 659 1335 moti.
694 1295 906 1336 Fortasse
938 1300 1068 1348 grata
1098 1308 1168 1336 res
1197 1295 1250 1336 iis
1277 1294 1468 1344 accidet,
1496 1295 1573 1348 qui
1600 1307 1758 1336 revera
1782 1307 1818 1336 a.
1835 1302 1991 1356 σφα-ἑῇ

342 1388 442 1416 sore
475 1375 587 1415 moti
620 1380 725 1415 sunt
757 1380 939 1424 senatu;
976 1374 1095 1416 haud
1131 1375 1261 1429 pauci
1297 1375 1416 1416 enim
1448 1374 1627 1416 illorum
1659 1373 1968 1439 Ριιἴειι1.“>1.ιιιῒῂί’·ῥζἶἼῚΙΔ
1980 1399 1994 1430 χ,

343 1453 583 1495 honestam
612 1454 872 1495 missionem
900 1455 1143 1508 accepisse,
1167 1467 1282 1508 quae
1305 1454 1424 1496 fama
1445 1453 1619 1508 aliquot
1635 1453 1765 1496 annis
1781 1439 1986 1509 posteaef

344 1533 466 1575 haud
511 1533 648 1574 dubie
691 1547 967 1588 magnopere
1009 1534 1062 1575 iis
1104 1535 1330 1588 proderit:
1364 1540 1462 1576 tum
1494 1534 1615 1576 enim
1649 1533 1779 1576 obliti
1809 1524 1996 1592 erunt'sg

345 1613 554 1654 homines
587 1613 694 1655 olim
728 1614 932 1655 evenisse
966 1619 1014 1655 ut
1046 1619 1092 1655 et
1123 1614 1176 1655 iis
1208 1614 1400 1656 honesta
1432 1614 1583 1655 missio
1617 1610 1994 1672 concederetut‘jgff

346 1693 422 1746 qui
447 1693 627 1748 probris
649 1694 827 1748 famosi
857 1699 1021 1735 essent.
1833 1678 1836 1682 ’
1977 1675 1985 1681 ..

405 1773 570 1814 Eidem
612 1772 801 1814 Claudio
843 1779 890 1814 et
931 1759 1052 1815 aliud
1095 1774 1366 1816 adscribitur
1402 1774 1639 1816 consilium
1671 1787 1762 1816 non
1794 1773 1984 1817 minus&-

345 1852 598 1893 inauditum
631 1858 769 1906 atque
803 1852 1048 1894 absurdum
1082 1853 1187 1903 XII,
1223 1863 1297 1907 53:
1955 1843 1978 1907 ,ἰ-

410 1932 572 1986 „refert
602 1932 660 1973 ad
694 1938 845 1986 patres
877 1933 933 1974 de
962 1946 1111 1987 poena
1137 1933 1419 1984 feminarum,
1447 1948 1563 1989 quae
1589 1933 1730 1982 servis¹
1755 1919 1995 2000 conium-f}

348 2018 562 2067 gerentur
573 2030 583 2063 ;
619 2013 935 2067 statuiturque,
968 2019 1018 2055 ut
1050 2014 1207 2068 ignaro
1241 2014 1426 2056 domino
1458 2015 1516 2056 ad
1549 2015 1594 2056 id
1626 2013 1865 2070 prolapsae
1896 2014 2003 2078 inf·

349 2093 580 2142 servitute,
613 2093 681 2133 sin
715 2093 1062 2143 consensissent,
1097 2107 1179 2148 pro
1212 2093 1385 2136 libertis
1415 2093 1735 2136 haberentur'’.
1975 2076 1980 2097 ἶ

409 2172 613 2214 Auctore
666 2186 773 2226 ergo
824 2172 986 2214 Tacito
1034 2173 1247 2215 Claudius
1293 2175 1358 2215 ad
1397 2175 1674 2216 coercendam
1719 2174 1989 2218 libidinem

350 2253 755 2308 impudicitiamque
795 2250 905 2293 πάνυ
949 2255 1108 2302 σεμνῶς
1145 2267 1341 2308 poenam
1373 2255 1532 2296 statuit
1563 2254 1786 2305 facinoris,
1818 2254 2019 2310 quodi}

350 2332 624 2373 rarissimum
656 2338 751 2373 erat
784 2333 828 2373 in
861 2333 1060 2383 civitate,
1089 2334 1317 2388 quodque,
1344 2334 1380 2375 si
1407 2335 1496 2376 iam
1523 2333 1663 2376 semel
1689 2332 1983 2390 iterumque

350 2412 483 2453 certis
540 2413 811 2454 testimoniis
866 2413 1134 2468 indiciisque
1191 2415 1632 2469 deprehendebatur,
1680 2420 1834 2457 tamen
1879 2412 1988 2465 ita

351 2491 489 2546 plecti
522 2493 599 2534 vix
630 2498 676 2534 et
708 2506 764 2534 ne
797 2494 875 2534 vix
907 2494 1092 2547 quidem
1125 2499 1318 2548 poterat.
1351 2494 1428 2536 An
1461 2508 1660 2549 unquam
1693 2477 1981 2550 quidquam
1981 2495 2009 2553 ᾗ

352 2571 549 2612 innotuit
591 2572 648 2613 de
692 2572 933 2614 Messalina
971 2573 1133 2627 aliqua,
1168 2587 1284 2628 quae
1315 2574 1360 2615 in
1393 2575 1659 2631 servitutem
1689 2574 1821 2617 alicui
1853 2574 1983 2619 civ'r

351 2651 409 2692 sit
435 2650 628 2692 tradita?
657 2651 776 2693 Nam
803 2653 1095 2706 cogitandum
1124 2653 1196 2694 hic
1224 2667 1320 2695 esse
1348 2655 1404 2695 de
1427 2655 1578 2709 aliqua
1599 2655 1979 2710 importunitate

353 2731 539 2784 diraque
564 2732 859 2785 impudicitia,
885 2746 1001 2786 quae
1026 2733 1188 2774 cadere
1214 2747 1305 2775 non
1325 2735 1467 2788 possit
1484 2735 1568 2776 nisi
1584 2735 1629 2777 in
1647 2749 1724 2778 eas
1739 2735 1959 2793 feminas,
1964 2716 2015 2791 *gf*

353 2823 465 2863 quas
507 2810 669 2851 nimius
713 2811 844 2852 luxus
884 2812 941 2852 ad
986 2813 1179 2865 quodvis
1221 2814 1419 2855 dedecus
1461 2815 1744 2869 compulerit,
1781 2810 1976 2871 sponte?

353 2888 630 2942 intelligitur.
672 2890 768 2931 Nec
802 2891 949 2932 minus
981 2892 1169 2933 ridicula
1201 2898 1269 2933 est
1303 2893 1516 2935 Pallantis
1546 2895 1757 2949 gravitas,
1788 2895 1866 2951 qui
1897 2878 2003 2946 infi'fss

355 2969 442 3010 hoc
483 2970 874 3012 senatusconsulto
917 2972 1170 3026 promendo
1212 2973 1475 3027 magistrum
1517 2968 1646 3016 suum
1682 2976 1872 3017 adiuvat
1898 2955 2003 3029 eii-3}v
