2040 3412
1083 322 1166 364 242

321 424 540 466 facessere
573 426 677 467 hinc
710 427 930 470 iubemus.
968 429 1072 483 Ipsa
1105 443 1218 471 voce
1250 444 1296 471 se
1331 430 1403 471 hic
1437 431 1713 485 magistellus
1747 432 1917 486 prodit.
1977 414 2007 467 ssj

383 505 441 545 H.
477 505 533 555 V,
571 518 608 560 3.
643 505 822 548 Claram
855 508 963 549 mihi
997 508 1228 550 affundere
1262 509 1410 551 lucem
1443 523 1576 564 posse
1608 511 1767 552 videor
1799 510 1918 562 loco,⁴
2011 494 2014 501 Ι

323 585 399 638 qui
433 584 652 627 hactenus
684 587 728 627 in
762 587 913 628 densis
944 587 1076 629 latuit
1106 589 1319 630 tenebris.
1354 590 1424 630 De
1458 590 1586 631 malis
1618 590 1782 645 quibus
1812 604 1919 634 con·

324 663 482 706 flictati
524 671 629 706 sunt
671 666 827 708 Iudaei
860 681 940 722 per
973 668 1153 710 deserta
1184 682 1350 710 novam
1382 675 1651 724 quaerentes
1682 671 1840 713 sedem
1870 676 1919 714 et

324 744 412 786 alia
444 751 490 786 et
522 745 634 787 haec
668 752 926 789 narrantur:

389 825 539 878 „Nihil
581 840 725 881 aeque
768 841 904 882 quam
948 828 1101 883 inopia
1131 842 1276 882 aquae
1309 829 1551 883 fatigabat;
1586 830 1766 884 iamque
1797 818 1918 872 haud

324 905 481 959 procul
520 906 660 947 exitio
688 908 796 948 totis
828 908 1000 962 campis
1032 909 1380 970 procubuerant,
1415 923 1517 951 cum
1548 923 1660 964 grex
1690 910 1918 953 asinorum
1982 895 1983 898 Ἴ
2011 899 2014 900 ⁷

324 986 567 1038 agrestium
611 999 635 1027 e
678 992 810 1041 pastu
853 987 898 1028 in
938 1001 1098 1042 rupem
1130 1002 1315 1030 nemore
1348 1002 1540 1043 opacam
1571 989 1818 1031 concessit:
1851 1002 1918 1032 se-

323 1070 453 1106 cutus
497 1065 681 1120 Moyses
723 1067 984 1108 coniectura
1025 1067 1203 1109 herbidi
1234 1067 1317 1109 soli
1350 1068 1495 1122 largas
1527 1082 1746 1123 aquarum
1777 1080 1917 1116 venas

324 1145 515 1199 aperit.'’

386 1225 472 1266 Hic
515 1239 600 1279 ego
635 1239 725 1267 non
759 1226 934 1277 dubito,
968 1227 1076 1281 quin
1109 1227 1228 1269 istud
1260 1228 1507 1270 coniectura
1538 1227 1714 1271 herbidi
1740 1227 1826 1270 soli
1854 1228 1920 1271 in-

323 1305 419 1346 vito
452 1305 613 1346 Tacito
640 1305 685 1346 in
714 1311 892 1347 textum
920 1307 1162 1361 irrepserit.
1196 1308 1291 1348 Iam
1319 1308 1415 1362 ipse
1442 1321 1591 1350 sermo
1617 1307 1784 1350 fraudis
1810 1307 1921 1351 mihi

325 1386 467 1426 iniicit
498 1386 815 1440 suspicionem.
851 1386 1123 1428 Coniectura
1155 1387 1332 1428 herbidi
1363 1387 1468 1428 soli:
1502 1388 1602 1442 quis
1629 1401 1829 1442 unquam
1855 1387 1920 1431 sic

326 1464 502 1506 locutus
544 1471 635 1515 est,
679 1479 781 1507 cum
814 1465 900 1507 hoc
933 1466 1093 1508 vellet:
1128 1467 1373 1508 coniiciens
1405 1466 1646 1509 herbidum
1678 1467 1740 1509 ibi
1772 1455 1919 1510 solum

325 1543 451 1585 esse?
494 1544 584 1586 Sed
629 1545 697 1586 fac
742 1530 965 1587 vocabula
1006 1547 1091 1588 ista
1133 1546 1285 1600 aliquo
1327 1547 1465 1587 modo
1498 1546 1600 1588 ferri
1632 1560 1778 1602 posse,
1810 1560 1919 1589 num
1984 1558 2006 1606 Υᾗ

325 1625 593 1666 narrationis
621 1639 739 1666 nunc
766 1631 946 1667 constat
969 1625 1111 1667 ratio?
1141 1626 1274 1667 Haud
1294 1626 1468 1680 opinor.
1488 1626 1693 1669 Veniunt
1708 1626 1921 1669 animalia

325 1705 410 1746 ista
443 1719 467 1746 e
501 1711 654 1759 pastu;
689 1706 724 1747 si
752 1706 900 1748 herbis
926 1712 1056 1761 pasta
1082 1720 1136 1748 ea
1164 1707 1349 1761 Moyses
1376 1707 1573 1757 coniicit,
1602 1713 1652 1748 ut
1678 1707 1918 1749 herbidum

324 1784 434 1826 illud
476 1785 621 1826 solum
664 1786 865 1843 inveniat
907 1787 1019 1828 unde
1059 1787 1243 1828 veniant
1285 1787 1325 1828 ei
1369 1793 1437 1828 est
1471 1787 1794 1842 quaerendum,
1826 1800 1918 1829 non

324 1879 406 1919 quo
433 1865 614 1906 abeant.
645 1865 765 1919 Quid
793 1880 900 1920 ergo
926 1867 1049 1921 sequi
1075 1881 1128 1908 ea
1152 1866 1344 1908 attinet?
1373 1867 1610 1909 Praeterea
1627 1880 1718 1909 non
1735 1867 1919 1910 herbam

326 1945 482 1986 Iudaei
524 1952 747 1998 quaerunt
788 1947 868 1987 sed
911 1960 1090 2000 aquam.
1136 1947 1315 1988 Dixeris
1353 1947 1589 1989 humidum
1622 1961 1719 1989 esse
1750 1947 1918 1995 debere

324 2025 484 2075 solum,
528 2026 604 2066 ubi
647 2026 788 2067 herba
820 2027 942 2067 nasci
978 2026 1133 2080 possit.
1168 2027 1444 2081 Respondeo
1475 2027 1584 2068 satis
1614 2040 1725 2077 esse,
1756 2027 1793 2068 si
1825 2039 1917 2069 non
1970 2024 1973 2028 ’
2010 2029 2013 2031 ’

323 2105 429 2146 solis
472 2106 607 2147 radiis
649 2106 795 2147 solum
838 2107 1086 2148 exaruerit:
1120 2107 1166 2147 id
1199 2113 1350 2148 autem
1376 2088 1481 2161 ‘ipsa
1513 2107 1726 2149 arborum
1757 2107 1918 2157 umbra

324 2191 553 2239 praestare
586 2191 759 2239 potest:
793 2187 856 2227 sic
890 2187 965 2227 ubi
999 2187 1239 2228 herbidum
1272 2187 1417 2228 solum
1445 2192 1526 2236 est,
1554 2201 1646 2229 non
1672 2187 1826 2229 statim
1854 2180 1933 2230 ibi*

320 2270 366 2305 et
404 2266 516 2319 fons
563 2271 630 2306 est
665 2267 892 2321 fluviusve
939 2281 963 2307 e
1011 2280 1102 2320 quo
1144 2267 1300 2308 bibere
1343 2267 1548 2308 homines
1591 2267 1778 2321 possint.
1823 2266 1922 2311 Sed,

318 2344 479 2385 deletis
512 2346 757 2395 vocabulis,
792 2360 908 2399 quae
941 2360 1027 2400 ego
1061 2346 1228 2395 notavi,
1256 2347 1410 2387 statim
1439 2347 1591 2388 omnia
1618 2346 1730 2388 fiunt
1755 2352 1916 2402 aperta
1983 2329 1999 2352 “⁵⁴

316 2437 463 2477 neque
507 2425 595 2466 ulla
638 2431 779 2466 restat
822 2426 1040 2467 molestia.
1084 2426 1215 2466 Asini
1262 2426 1324 2466 illi
1349 2426 1477 2480 pasti
1507 2431 1660 2467 erant:
1694 2426 1781 2489 hoc
1813 2439 1912 2481 per·

314 2505 519 2558 spicuum
562 2512 658 2546 erat
700 2519 757 2546 ex
799 2506 898 2559 ipso
940 2505 1098 2547 habitu
1142 2506 1408 2559 incessuque
1422 2523 1431 2555 ;
1476 2511 1627 2547 utrum
1670 2505 1812 2566 herba
1854 2519 1914 2549 an
1983 2560 1988 2562 s

314 2584 490 2624 carduis
533 2583 739 2638 foliisque
782 2584 891 2625 nihil
935 2584 1180 2634 referebat3
1229 2585 1675 2639 dummodo-‚pastos
1707 2599 1785 2626 eos
1816 2598 1914 2627 esse

314 2669 555 2712 constaret,
600 2663 856 2704 sitientibus
897 2677 1041 2717 aquae
1085 2664 1386 2705 inveniendae
1421 2665 1540 2720 viam
1580 2664 1911 2707 monstrabant.
1977 2710 1996 2734 X

315 2740 434 2783 Satis
477 2747 572 2782 erat
614 2756 691 2783 eos
729 2744 879 2797 sequi,
915 2757 1019 2784 nam
1052 2757 1170 2784 nunc
1202 2744 1353 2785 locum
1386 2757 1464 2785 eos
1497 2750 1666 2799 petere,
1700 2745 1777 2786 ubi
1809 2744 1911 2787 fons

316 2827 433 2861 esset
467 2821 732 2876 fluviusque,
767 2837 836 2863 res
867 2823 965 2877 ipsa
996 2824 1235 2864 clamabat.
1971 2877 1975 2879 α

377 2901 434 2940 H.
470 2901 524 2949 V,
567 2910 628 2953 15.
676 2902 868 2942 Romani
913 2903 1162 2956 Batavique
1202 2903 1303 2943 loco
1337 2903 1556 2943 vadorum
1590 2903 1725 2957 pleno
1759 2902 1914 2945 confli-

315 2986 440 3034 gunt.
474 2980 607 3033 Quod
642 2994 782 3033 genus
815 2996 993 3035 pugnae
1021 2983 1082 3022 ibi
1110 2983 1167 3023 sit
1195 2988 1404 3023 exortum
1433 2988 1478 3023 et
1505 2996 1641 3035 quam
1669 2984 1908 3026 adversum
