2040 3412
0 2658 3 2674 *⁴
0 2607 14 2655 ‘⁸22³
11 2601 14 2602 ,

0 1706 20 2174 “’Μ“ἉΨ“*Ψ“”Ὡ>ΞἛ’ᾸἮΜΡὟ’Μζ-ἒψ”ἶ·
0 1681 9 1690 ’”
0 1550 18 1663 ζ’πῩΨνθῬΡη,
0 1518 13 1530 ⁴.
0 1450 19 1484 ψ’),
5 1423 10 1428 ·-
2 1390 20 1411 *J
1 1348 17 1374 ’Ἣ
2 1277 17 1332 ,‚,r.*;'‹'
3 1207 21 1265 „51:22
11 1120 20 1127 τ.
14 1095 21 1107 ¹,
2 1044 20 1063 γ’
15 1021 18 1023 ,
16 995 18 998 ⁴
3 927 15 955 ἡ,

874 297 924 341 35

95 406 236 466 ipsius
282 406 346 447 rei
395 406 632 455 rationem,
677 406 735 447 de
777 420 869 460 qua-
908 408 1069 461 agitur,
1114 387 1204 450 non
1246 408 1364 451 bene
1407 417 1698 465 perspectum

96 485 365 528 habuerunt.
399 486 590 540 Legitur
622 485 746 528 Ann.
781 487 862 537 IV,
901 488 979 529 28:

155 566 306 608 Isdem
339 566 600 608 consulibus
630 567 908 608 miseriarum
937 581 990 609 ac
1016 569 1233 610 saevitiae
1262 571 1522 625 exemplum
1551 577 1697 622 atrox,

19 657 54 680 ’κ
94 658 196 688 reus
238 651 382 701 pater,
424 652 661 688 accusator
703 647 819 688 filius
862 647 1045 702 (nomen
1077 649 1257 702 utrique
1291 650 1454 691 Vibius
1488 650 1698 706 Serenus)

27 719 34 748 3
91 726 139 768 in
182 732 389 768 senatum
434 727 606 768 inducti
650 733 768 768 sunt.
812 727 890 768 Ab
935 728 1072 769 exilio
1116 734 1336 770 retractus
1370 729 1613 784 illuvieque
1647 745 1700 773 ac

92 806 303 862 squalore
339 807 514 849 obsitus
547 813 591 848 et
624 813 722 848 tum
756 813 918 848 catena
951 808 1128 850 vinctus
1158 814 1288 863 pater
1319 811 1551 864 peroranti
1584 810 1697 852 filio:

69 880 70 883 ¹
95 892 390 943 praeparatus
422 887 689 929 adulescens
717 887 869 928 multis
897 889 1144 938 munditiis,
1173 888 1308 930 alacri
1337 889 1477 940 vultu,
1506 896 1699 932 structas

92 966 287 1022 principi
334 967 531 1016 insidias,
582 966 743 1008 missos
784 967 829 1008 in
873 966 1066 1009 Galliam
1110 968 1364 1009 concitores
1408 969 1514 1010 belli
1559 970 1698 1011 index

93 1047 215 1088 idem
259 1052 305 1088 et
347 1047 476 1089 testis
520 1047 716 1096 dicebat,
761 1039 1130 1101 adnectebatque
1168 1048 1414 1089 Caecilium
1448 1049 1698 1091 Cornutum

22 1133 30 1150 '-
93 1127 371 1182 praetorium
414 1127 737 1168 ministravisse
781 1121 1045 1181 pecuniam:
1090 1129 1167 1182 qui
1209 1129 1364 1170 taedio
1397 1143 1618 1179 curarum,
1654 1135 1699 1171 et

93 1207 200 1262 quia
225 1207 476 1262 periculum
505 1221 588 1262 pro
616 1207 757 1248 exitio
785 1207 1053 1257 habebatur,
1084 1213 1278 1250 mortem
1308 1209 1352 1250 in
1382 1223 1429 1250 se
1454 1209 1698 1251 festinavit.

93 1287 160 1330 At
187 1293 346 1329 contra
372 1301 474 1346 reus
502 1287 612 1328 nihil
641 1287 833 1328 infracto
861 1288 1014 1328 animo
1043 1288 1260 1330 obversus
1288 1290 1333 1330 in
1351 1289 1492 1330 filium
1511 1296 1697 1344 quatere

94 1367 361 1410 vincla....
410 1367 824 1422 Adseverabatque
872 1369 1164 1410 innocentem
1207 1369 1459 1411 Cornutum
1501 1375 1547 1410 et
1589 1370 1699 1411 falsa

94 1449 361 1490 exterritum
374 1466 384 1499 ;
429 1448 567 1502 idque
610 1447 740 1489 facile
784 1448 1033 1498 intellectu,
1073 1450 1108 1489 si
1142 1450 1444 1503 proderentur
1476 1450 1572 1491 alii:
1608 1464 1698 1491 non

93 1529 215 1570 enim
258 1542 306 1570 se
349 1529 539 1570 caedem
573 1529 790 1583 principis
824 1534 870 1569 et
902 1543 972 1570 res
1005 1543 1147 1571 novas
1180 1544 1270 1571 uno
1303 1530 1428 1571 socio
1461 1531 1698 1585 cogitasse.

158 1607 243 1649 Pro
282 1616 419 1663 pater
458 1608 701 1663 peroranti
736 1608 862 1663 filio:
898 1617 1209 1664 praeparatus
1251 1610 1503 1652 adulescens
1529 1625 1562 1652 e.
1592 1624 1632 1663 q.
1662 1624 1698 1650 s.

30 1739 55 1749 μ’
99 1688 358 1743 Madvigius
400 1688 595 1730 coniecit
629 1696 766 1743 pater
798 1690 951 1731 oranti
970 1690 1072 1745 filio
1103 1698 1417 1745 comparatur:
1447 1691 1699 1732 adulescens

93 1783 128 1811 e.
146 1782 186 1823 q.
203 1782 239 1810 s.
273 1769 654 1822 Ingeniosissime‚
688 1770 767 1810 sed
802 1769 912 1810 nihil
945 1770 1008 1811 sic
1041 1770 1320 1824 proficimus3
1358 1785 1448 1812 non
1482 1772 1616 1821 enim,
1651 1777 1699 1812 ut

95 1849 272 1903 opinor,
315 1835 612 1889 vehementer
653 1847 902 1902 legentium
936 1850 1075 1890 animi
1109 1850 1414 1904 percelluntur
1446 1865 1549 1892 curn
1583 1851 1701 1893 inter

95 1941 143 1970 se
184 1914 479 1983 opponuntur
522 1933 653 1982 pater
694 1928 905 1982 squalore
948 1929 1122 1971 obsitus
1161 1936 1206 1971 et
1239 1930 1355 1972 filius
1384 1963 1393 1972 .
1424 1963 1433 1972 .
1464 1964 1472 1972 .
1504 1963 1513 1972 .
1549 1946 1698 1973 orans.

97 2008 260 2062 Neque
286 2013 384 2049 tum
412 2008 598 2049 demum
624 2008 927 2050 introducitur
957 2023 1072 2059 reus,
1101 2023 1204 2051 cum
1232 2016 1468 2052 accusator
1495 2011 1584 2052 iam
1603 2025 1699 2052 ora-

96 2089 268 2130 tionem
295 2088 465 2130 habere
492 2088 660 2142 coepit.
692 2088 839 2129 Multo
868 2094 1022 2130 tamen
1048 2090 1268 2144 Madvigii
1286 2091 1522 2131 inventum
1541 2090 1700 2131 melius

96 2173 165 2210 est
208 2182 346 2222 quam
378 2174 635 2209 ceterorum
667 2168 787 2210 istud
814 2176 1134 2224 praeparatus,
1171 2171 1295 2224 quod
1329 2171 1607 2224 iungendum
1641 2171 1698 2210 sit

96 2261 201 2289 eum
241 2248 473 2290 munditiis
514 2248 577 2289 ita
623 2253 790 2289 ut....
833 2254 992 2302 aptum
1035 2262 1217 2290 sensum
1261 2250 1432 2291 nullum
1467 2250 1697 2304 praebeat.

99 2326 226 2368 Haec
259 2341 367 2382 ergo
395 2327 642 2377 mittamus,
672 2328 888 2381 quoniam
917 2328 980 2369 sic
1008 2342 1191 2382 quoque
1218 2330 1428 2370 universa
1455 2329 1698 2370 verborum

95 2407 323 2448 sententia
364 2412 506 2461 patet.
552 2406 691 2448 Paulo
734 2413 839 2460 post
882 2421 965 2461 pro
999 2408 1134 2462 falsa
1176 2408 1327 2462 legere
1354 2409 1483 2463 falso
1516 2408 1588 2449 vel
1612 2416 1699 2462 per

89 2486 223 2541 falsa
267 2486 401 2540 plane
444 2491 513 2527 est
556 2486 714 2527 inutile
758 2492 803 2527 et
846 2486 1036 2528 fortasse
1074 2501 1350 2541 perversum.
1384 2488 1450 2528 At
1484 2502 1600 2541 quae
1634 2502 1700 2529 se·

91 2570 297 2619 ,quuntur
338 2565 556 2607 maiorem
596 2566 820 2620 praebent
861 2567 1189 2608 difficultatem.
1224 2567 1326 2608 Hoc
1358 2573 1532 2608 certum
1567 2568 1701 2609 Nevii

98 2645 148 2686 ni
163 2645 467 2699 proderentur
495 2658 578 2698 pro
604 2646 646 2686 si
662 2646 967 2700 proderentur
993 2646 1240 2700 speciosius
1268 2660 1364 2688 esse
1383 2660 1520 2700 quarn
1538 2647 1700 2697 verius,

99 2737 248 2778 neque
276 2723 405 2765 facile
434 2738 537 2765 cum
566 2725 947 2778 praecedentibus
974 2725 1097 2779 iungi
1126 2739 1278 2779 posse:
1308 2727 1417 2779 quid
1446 2727 1566 2767 enim
1591 2726 1699 2768 illud

100 2809 186 2845 est:
212 2804 357 2858 facile
387 2804 465 2845 hoc
495 2812 560 2845 est
590 2805 654 2845 ad
680 2805 1010 2860 intelligendum
1044 2805 1092 2845 ni
1112 2806 1373 2859 produntur
1399 2806 1509 2847 alii?
1538 2807 1700 2859 Neque

99 2886 254 2924 tamen
281 2884 324 2925 si
348 2896 583 2924 remanere
611 2889 777 2937 potest,
807 2884 891 2924 nisi
919 2882 1127 2924 volumus
1145 2882 1366 2925 Serenum
1384 2898 1475 2926 non
1493 2885 1701 2937 εἰρωνικῶς

99 2961 179 3002 sed
209 2960 527 3012 αἰνιγματώδως
557 2961 696 3016 loqui.
725 2963 846 3017 Quid
874 2976 982 3004 vero
1010 2963 1046 3003 si
1075 2968 1222 3004 totum
1252 2964 1358 3006 illud
1387 2966 1429 3006 si
1453 2979 1543 3006 una
1569 2966 1702 3006 litura
