2040 3412
909 299 966 354 67

135 418 366 461 commisit
406 432 617 468 errorem,
662 432 799 473 quem
843 420 1030 462 Tacitus
1072 409 1222 463 verbis
1263 423 1497 466 mollitiam
1540 424 1740 479 corporis

60 480 317 562 {}.}‚,refutat.
365 497 440 541 Sic
486 504 650 554 sponte
698 499 755 541 ad
799 498 1017 542 leniorem
1059 502 1327 544 adducimur
1369 504 1738 546 emendationem

136 587 276 634 quam
320 578 528 620 Rhenani
571 578 646 622 illa
688 584 780 620 est:
823 581 942 621 omni
959 581 1146 636 flagitio
1177 582 1406 625 obstrictos
1437 583 1620 637 (omisso
1653 583 1737 638 in):

59 643 407 703 {isdicebantur
433 659 492 701 ab
519 664 782 703 accusatore
811 659 990 709 milites,
1019 660 1184 714 quibus
1211 667 1304 703 tam
1333 662 1510 704 facilem
1538 677 1585 704 se
1614 676 1741 717 prae-

136 740 325 783 stitisset
358 738 581 789 Valerius,
607 739 728 781 vitae
756 739 880 781 molli
908 745 954 781 et
983 740 1168 782 minime
1197 741 1380 783 militari
1407 743 1472 784 ita
1499 744 1744 797 assuefacti

58 817 91 893 ἢ
138 827 190 864 ut
227 821 320 863 iam
362 820 518 862 divelli
557 820 657 864 inde
686 828 728 862 et
758 821 823 862 ad
849 821 1003 862 bonam
1027 823 1223 877 frugem
1256 823 1410 864 reduci
1440 837 1522 865 non
1547 831 1739 878 possent.

140 899 243 943 Hoc
275 906 344 942 est
375 900 610 943 obstrictus
640 901 779 942 alicui
807 902 886 951 rei,
922 900 1010 942 hoc
1043 902 1182 943 etiam
1216 902 1274 943 H.
1309 903 1367 952 ΙΙ,
1405 912 1457 958 37
1486 904 1741 958 requiritur,

138 979 217 1022 ubi
260 980 494 1022 Mediceus
535 980 699 1022 habet:
743 980 877 1035 „(non
911 981 1065 1036 credo)
1097 969 1277 1036 legatos
1305 996 1358 1024 ac
1392 984 1542 1033 duces,
1578 998 1743 1038 magna

55 1058 200 1118 fJ-'f‘ex
229 1065 359 1117 parte
389 1060 522 1103 luxus
554 1061 770 1116 egestatis
796 1061 1017 1111 scelerum
1044 1062 1129 1103 sibi
1157 1063 1376 1113 conscios,
1406 1064 1490 1104 nisi
1519 1064 1743 1118 pollutum

53 1123 86 1171 s
137 1141 501 1196 obstrictumque
548 1142 722 1183 meritis
768 1142 859 1183 suis
906 1143 1160 1197 principem
1209 1143 1461 1197 passuros”‚
1510 1145 1590 1185 sed
1640 1158 1743 1185 cum

138 1214 441 1264 deterioribus
465 1222 662 1264 moribus
682 1222 927 1277 legendum
951 1237 1048 1264 esse
1072 1224 1386 1265 demonstrare
1408 1237 1506 1265 sum
1530 1230 1743 1266 conatus:

57 1311 72 1331 ι’
139 1295 268 1358 pravi
316 1302 379 1344 illi
426 1308 471 1344 et
519 1303 720 1358 corrupti
770 1304 909 1345 duces
955 1317 1047 1345 non
1095 1304 1231 1346 alium
1274 1305 1596 1359 imperatorem
1640 1311 1744 1347 sunt

139 1383 314 1439 passuri
347 1397 484 1438 quam
517 1384 595 1438 qui
626 1384 721 1426 suis
751 1384 948 1426 moribus
978 1384 1214 1427 obstrictus
1242 1386 1268 1426 i.
1290 1399 1328 1427 e.
1359 1385 1508 1427 eidem
1536 1386 1747 1428 addictus

141 1457 356 1519 pravitati
388 1465 460 1507 sit.

202 1544 284 1596 XI,
331 1557 369 1599 3.
411 1545 630 1587 Liberum
675 1546 834 1587 mortis
876 1546 1113 1588 arbitrium
1159 1547 1344 1589 Valerio
1388 1549 1747 1602 permittendum

48 1635 51 1639 ’
141 1631 298 1667 censet
329 1625 542 1667 Vitellius
574 1631 620 1667 et
659 1626 877 1680 „eandem
906 1627 1225 1669 clementiam⁵⁵
1253 1628 1350 1682 ipse
1378 1642 1560 1683 quoque
1588 1630 1750 1671 suadet

72 1690 74 1692 V
143 1705 415 1761 imperator:

38 1766 134 1850 ff*
237 1785 568 1840 „Hortantibus
601 1787 766 1828 dehinc
796 1787 1068 1842 quibusdam
1097 1788 1295 1830 inediam
1320 1794 1366 1830 et
1388 1789 1538 1831 lenem
1561 1790 1747 1840 exitum,

142 1866 376 1908 remittere
419 1866 691 1908 beneficium
735 1866 967 1909 Asiaticus
1008 1868 1085 1918 ait,
1130 1874 1176 1909 et
1217 1869 1455 1923 usurpatis,
1491 1870 1654 1924 quibus
1686 1871 1751 1911 in-

143 1952 353 1988 sueverat
396 1947 813 1998 exercitationibus,
851 1947 976 1989 lauto
1009 1962 1213 2002 corpore,
1248 1948 1389 1990 hilare
1422 1950 1631 2004 epulatus
1651 1982 1660 1991 .
1681 1982 1690 1991 .
1711 1983 1720 1991 .
1741 1983 1750 1992 .

147 2040 287 2069 venas
319 2026 560 2069 exsolvit.’'

206 2106 328 2162 Quid
362 2113 431 2149 est
463 2108 691 2150 remittere
719 2108 972 2164 beneficium
984 2109 1005 2150 ,Ρ
1041 2109 1319 2163 Interpretes
1351 2110 1414 2151 sic
1447 2111 1655 2164 accipere
1689 2112 1751 2152 vi-

146 2187 312 2228 dentur
343 2192 393 2228 ut
425 2188 506 2228 sit:
541 2188 764 2230 beneficio
797 2203 880 2230 non
913 2189 991 2231 uti.
1021 2189 1086 2230 At
1114 2190 1184 2230 cui
1213 2189 1326 2231 haec
1353 2189 1596 2231 clementia
1623 2191 1752 2232 liberi

147 2267 306 2309 mortis
347 2268 521 2309 arbitrii
563 2269 671 2310 data
714 2275 796 2319 est,
841 2284 894 2311 ea
930 2284 1013 2311 non
1046 2270 1114 2311 uti
1144 2283 1235 2310 non
1269 2275 1444 2324 potest:
1480 2285 1752 2325 quocunque

147 2347 286 2389 modo
329 2349 532 2398 moritur,
574 2349 670 2403 ipse
714 2349 831 2390 illius
875 2350 1032 2391 mortis
1075 2355 1233 2391 auctor
1271 2350 1342 2400 fit;
1389 2349 1462 2391 ille
1503 2351 1642 2392 etiam
1675 2353 1752 2405 qui

148 2427 294 2483 (XVI,
327 2428 371 2483 9)
403 2429 569 2470 restitit
602 2430 941 2484 percussoribus
974 2435 1020 2471 et
1054 2443 1261 2484 pugnans
1294 2444 1396 2471 cum
1429 2431 1613 2472 armatis
1640 2437 1754 2473 tam-

149 2521 287 2562 quam
319 2509 364 2550 in
396 2509 493 2550 acie
526 2510 706 2559 cecidit,
734 2514 894 2551 tamen·
918 2510 1041 2551 illam
1070 2516 1265 2551 mortem
1293 2510 1430 2564 elegit
1458 2510 1568 2564 ipse.
1598 2510 1754 2565 Oppo-

149 2593 316 2629 nuntur
347 2589 466 2630 inter
496 2603 544 2630 se
576 2590 804 2632 remittere
829 2596 875 2631 et
893 2622 902 2631 .
923 2622 932 2631 .
952 2622 961 2631 .
981 2622 990 2631 .
1009 2591 1251 2632 intendere:
1281 2590 1468 2632 intendit
1493 2591 1753 2645 quicunque

149 2668 208 2709 ad
251 2673 508 2710 extremum
553 2683 695 2723 usque
738 2669 875 2710 finem
918 2670 963 2711 in
996 2669 1148 2724 aliqua
1180 2683 1226 2710 re
1260 2675 1534 2724 perseverat,
1568 2671 1759 2713 remittit

150 2747 228 2801 qui
275 2761 411 2802 parce
459 2754 506 2790 et
549 2750 728 2790 modice
770 2750 866 2803 agit
888 2747 929 2803 ¹).
975 2748 1022 2791 Si
1064 2749 1244 2790 fecisset
1288 2749 1497 2791 Valerius
1541 2750 1586 2791 id
1630 2752 1754 2804 quod

205 2934 239 2978 1)
265 2936 481 2969 Praeclarum
515 2937 726 2979 exemplum,
752 2936 926 2980 simulque
952 2937 1184 2970 firmissimum
1211 2948 1307 2970 meae
1335 2938 1634 2980 interpretationis
1660 2949 1759 2981 argu-

153 2999 322 3037 mentum,
347 2995 491 3037 praebet
518 2994 598 3026 Sen.
626 2994 693 3036 Ep.
723 3002 779 3037 71,
810 3003 870 3035 19:
900 2995 988 3037 „hoc
1013 3006 1077 3028 nec
1103 2995 1232 3028 remitti
1259 3006 1324 3028 nec
1349 2996 1486 3028 intendi
1513 2996 1652 3038 posse”.
