2040 3412
865 296 942 342 175

38 391 61 462 ⁴⁷,
98 409 348 465 respondet
381 408 616 450 Eteocles:

217 489 290 531 οὐκ
321 486 644 538 ἀπαιτούμεσθ’,
678 487 761 538 ἐγὼ
794 487 878 539 γὰρ
911 487 981 529 τὸν
1014 488 1113 539 ἐμὸν
1146 488 1294 535 οἰκήσω
1328 487 1449 539 δόμον

98 569 126 612 i.
158 583 198 612 e.
245 569 390 623 „istud
435 569 626 611 verbum
668 567 942 611 ἀπαιτεῖσθαι
986 570 1031 611 in
1076 583 1148 611 me
1182 583 1273 611 non
1306 571 1535 620 convenit,
1569 584 1595 612 a
1629 584 1700 612 me

43 700 55 704 „
97 662 234 693 nemo
277 649 527 704 quidquam
561 657 786 704 reposcere
817 649 844 690 i.
879 663 917 690 e.
949 663 1026 691 suo
1059 650 1159 692 iure
1182 658 1363 705 poscere
1393 656 1560 705 potest,
1595 665 1699 693 nam

690 728 714 744 52

97 743 200 773 mea
240 729 354 771 haec
397 729 560 771 domus
602 734 684 770 est.
759 729 820 770 Et
862 728 1058 771 voluisse
1095 730 1140 770 id
1174 730 1422 781 Tiberium,
1456 732 1580 786 quod
1613 746 1699 787 ego

32 815 40 870 J
94 809 319 859 dicebam,
353 810 482 851 testis
514 808 771 858 Suetonius,
805 810 883 863 qui
915 809 978 851 sic
1012 810 1229 864 principis
1260 811 1401 852 verba
1434 811 1594 853 refert:
1637 813 1698 865 „si

31 895 184 940 ⁴st'non
229 891 488 940 dominaris,
531 880 682 940 filiola,
725 891 933 932 iniuriam
974 896 1021 932 te
1059 891 1266 946 accipere
1299 892 1588 934 existimas?”
1621 893 1698 935 ubi

28 955 45 1019 ’
93 972 342 1015 rectissime
384 971 693 1026 interrogandi
735 971 914 1026 signum
959 973 1111 1027 posuit
1155 973 1372 1015 Rothius:
1417 974 1536 1016 istud
1575 975 1697 1016 enim

93 1042 178 1095 nisi
204 1053 402 1102 additur,
429 1066 563 1094 sensu
591 1065 742 1103 cassus
770 1051 895 1093 locus
924 1058 1006 1094 est.
1035 1034 1168 1094 Nunc
1196 1053 1405 1095 Tiberius
1433 1060 1564 1109 rogat
1591 1069 1696 1105 non,

21 1121 27 1126 ⁴⁷
92 1134 217 1189 quod
259 1134 483 1189 quosdam
526 1133 703 1188 opinari
745 1133 903 1174 video:
953 1133 1248 1186 „iniuriamne
1281 1148 1417 1176 vocas
1450 1136 1574 1189 quod
1608 1150 1699 1178 non

79 1227 242 1256 terum
283 1214 356 1256 hic
387 1213 573 1255 domina
606 1212 682 1254 es'’
715 1213 851 1267 (nam,
886 1213 1062 1254 etiamsi
1096 1214 1235 1255 verba
1268 1208 1698 1258 eam'admitterent

24 1333 31 1350 ·,
91 1294 532 1350 interpretationem,
577 1293 701 1347 quod
745 1307 878 1347 nego,
921 1293 979 1334 ad
1008 1293 1328 1348 ‘Agrippinam
1372 1295 1699 1337 confutandam

29 1382 33 1401 “-
93 1375 278 1417 minime
310 1379 419 1429 apta
451 1373 526 1415 illa
558 1373 693 1427 esset)
725 1374 830 1414 sed:
864 1374 966 1427 „qui
995 1379 1128 1428 potes
1155 1379 1216 1423 tu,
1247 1388 1364 1428 quae
1392 1388 1482 1416 non
1511 1376 1698 1418 domina

90 1469 153 1505 es,
195 1456 276 1497 sed
319 1455 429 1496 civis
471 1454 620 1496 alieno
662 1453 867 1495 subiecta
909 1454 1116 1508 imperio,
1151 1455 1358 1495 iniuriam
1401 1461 1446 1496 te
1491 1456 1698 1511 accipere

27 1590 31 1594 ,
88 1534 228 1577 ‘ullam
275 1540 436 1590 putare
451 1533 494 1576 ?”
544 1530 761 1576 Graecus
787 1534 1047 1584 versiculus,
1092 1548 1183 1588 quo
1227 1549 1331 1576 usus
1371 1542 1440 1577 est
1471 1537 1694 1588 Tiberius,

12 1632 30 1655 ὲ
91 1615 237 1671 periit,
271 1616 352 1657 sed
384 1614 469 1656 suit
501 1611 838 1656 huiu'scemodi:

434 1695 467 1736 εἰ
502 1695 560 1744 μὴ
594 1700 818 1747 τυραννεῖς,
852 1693 1018 1736 ἀδικίαν
1051 1694 1193 1746 λέγεις
1227 1694 1348 1746 τίνοι;

23 1913 25 1915 ¹
149 1855 208 1898 A.
252 1857 334 1907 IV,
380 1858 447 1910 58.
491 1856 811 1898 Proficiscente
853 1858 898 1897 in
943 1856 1240 1911 Campaniam
1285 1857 1483 1907 Tiberio,
1524 1859 1695 1900 mathe-

12 1932 33 1959 ’Ὗ
89 1937 242 1978 matici
290 1950 521 1991 nunquam
565 1950 670 1978 eum
713 1937 960 1978 rediturum
1005 1937 1385 1979 vaticinabantur.
1431 1939 1543 1980 Inde
1587 1953 1695 1980 mox

88 2017 355 2059 moriturum
388 2031 491 2058 eum
521 2018 706 2071 quidam
733 2017 841 2058 artis
870 2017 1067 2071 imperiti
1096 2018 1346 2059 credebant
1374 2024 1419 2059 et
1447 2021 1695 2061 contende-

88 2097 200 2139 bant
223 2098 376 2147 etiam,
402 2111 518 2152 quae
539 2111 609 2138 res
627 2097 734 2152 ipsis
752 2097 836 2138 fuit
855 2097 1009 2138 exitio.
1030 2097 1117 2138 Hic
1137 2097 1399 2139 facultatem
1419 2099 1694 2141 nanciscitur

20 2162 26 2175 ἦ
88 2178 145 2220 de
177 2178 458 2220 divinatione
491 2178 754 2232 disputandi
783 2177 988 2228 Tacitus;
1020 2191 1135 2231 quae
1164 2184 1318 2219 autem
1347 2179 1457 2220 dicit
1485 2179 1572 2220 huc
1600 2179 1692 2221 fere

16 2273 42 2307 ζ,
86 2258 279 2300 redeunt
306 2264 354 2300 ut
377 2259 564 2300 omnino
581 2259 665 2300 arti
684 2258 745 2299 illi
763 2272 811 2299 se
830 2258 967 2299 fidem
986 2258 1153 2299 habere
1173 2258 1372 2300 declaret
1384 2277 1393 2309 ;
1414 2261 1691 2313 portendere

21 2391 30 2398 q
85 2339 208 2380 enim
240 2340 466 2394 quaedam
499 2340 610 2381 deos
642 2339 776 2380 certis
808 2338 1082 2388 hominibus,
1116 2339 1379 2380 caelestium
1407 2340 1689 2395 aliorumque

85 2411 316 2474 signorum
360 2420 516 2475 peritis
528 2438 538 2470 ;
576 2421 657 2462 sed
691 2421 747 2461 de
781 2433 862 2460 suo
896 2420 1110 2473 affingere
1144 2420 1286 2461 multa
1318 2420 1478 2475 vulgus
1513 2422 1692 2476 imperi-

19 2500 29 2531 ?
84 2504 235 2542 torum
269 2506 315 2542 et
346 2501 410 2541 sic
441 2506 588 2541 totam
621 2506 765 2540 artem
798 2505 1056 2553 suspectam
1091 2499 1282 2540 reddere
1316 2500 1556 2555 plerisque.
1591 2502 1688 2543 Iam

85 2579 182 2634 ipsa
214 2580 361 2622 Taciti
395 2581 452 2621 de
486 2581 714 2635 praesenti
749 2580 934 2634 negotio
969 2579 1107 2620 verba
1144 2581 1506 2623 consideremus:

11 2712 14 2715 ι
149 2660 288 2714 „Mox
319 2661 468 2715 patuit
501 2661 639 2702 breve
673 2660 920 2701 confinium
953 2660 1061 2700 artis
1093 2665 1138 2700 et
1172 2659 1284 2710 falsi,
1318 2675 1516 2715 veraque
1549 2677 1687 2717 quam

3 2730 10 2771 s
85 2740 287 2782 obscuris
329 2741 604 2795 tegerentur.
650 2741 768 2782 Nam
813 2741 858 2781 in
899 2739 1058 2780 urbem
1104 2753 1195 2780 non
1228 2754 1533 2795 regressurum
1566 2743 1687 2785 haud

5 2831 11 2883 ,⁴
84 2819 200 2862 sorte
242 2822 435 2862 dictum:
480 2827 734 2862 ceterorum
779 2820 916 2862 nescii
960 2834 1106 2874 egere,
1151 2834 1253 2862 cum
1295 2823 1553 2878 propinquo
1586 2838 1688 2866 rure

83 2906 162 2942 aut
186 2901 318 2942 litore
345 2907 391 2942 et
417 2915 554 2956 saepe
582 2901 762 2942 moenia
791 2900 912 2941 urbis
940 2900 1153 2941 adsidens
1174 2906 1428 2944 extremam
1455 2910 1687 2946 senectam

6 2987 24 3029 j
85 2981 425 3036 compleverit.”
