2040 3412
898 293 978 336 205

198 404 272 448 Sic
297 378 483 462 Tacitus
500 402 702 457 scripsit3
724 415 827 443 nam
848 415 963 455 quae
983 407 1086 456 post
1103 396 1259 444 Fon‘tez·
1277 402 1502 456 Capitonis
1519 403 1563 443 in
1583 402 1741 443 codice

84 475 89 490 ’
134 485 368 541 leguntur:
417 484 697 538 „adimendis
739 483 1081 537 assignandisve
1126 483 1311 524 militiae
1355 482 1646 533 ordinibus‚”
1691 497 1744 524 ea

135 565 290 615 sciolo,
324 564 400 619 qui
434 564 605 619 primus
631 563 885 617 adscripsit,
914 577 1011 604 esse
1039 563 1287 613 reddenda,
1316 577 1398 618 pro
1425 577 1506 605 suo
1533 564 1742 605 acumine

136 645 309 688 dudum
343 640 650 698 Nipperdeius
679 643 927 699 perspexit.
956 643 1044 684 Vel
1074 657 1161 685 una
1189 657 1280 685 vox
1308 644 1494 686 militiae
1510 650 1743 686 auctorem

136 725 306 781 prodit.

197 805 255 847 H.
305 805 339 855 Ι,
388 805 458 858 85.
517 804 764 857 Postquam
814 803 990 857 perfido
1039 803 1227 845 consilio
1276 804 1517 859 imperium
1567 804 1740 846 Galbae

134 886 402 940 ademptum
450 885 495 926 in
543 898 590 925 se
638 883 930 925 transtulerat
978 883 1117 934 Otho,
1167 885 1369 926 nondum
1417 890 1571 926 tamen
1614 886 1742 939 quies

135 966 355 1016 redierat,
404 965 571 1019 ignaris
614 965 853 1006 etiamtum
896 964 1071 1005 civibus
1114 965 1203 1006 iam
1246 955 1303 1006 ad
1348 971 1522 1007 certum
1566 967 1739 1007 exitum

118 1047 405 1102 'perductam
436 1059 556 1087 rem:
1071 1035 1077 1039 ⁸

197 1126 396 1181 „coacto
423 1139 532 1167 vero
557 1126 602 1166 in
620 1125 790 1166 curiam
808 1131 968 1166 senatu
988 1126 1154 1166 arduus
1172 1139 1321 1167 rerum
1340 1127 1544 1167 omnium
1563 1128 1742 1177 modus,

133 1220 190 1249 ne
215 1212 465 1249 contumax
491 1206 734 1256 silentium,
761 1220 817 1247 ne
843 1211 1054 1260 suspecta
1078 1206 1286 1256 libertas;
1307 1212 1352 1248 et
1371 1207 1550 1261 privato
1569 1206 1742 1249 Othoni

133 1301 278 1342 nuper
297 1293 414 1328 nota
439 1286 686 1328 adulatio.”
720 1287 868 1329 Verus
886 1286 958 1327 hic
978 1286 1163 1327 Tacitus
1181 1288 1454 1341 agnoscitur,
1475 1288 1741 1342 praesertim

132 1367 178 1410 in
207 1367 376 1410 ultimis
402 1376 444 1410 et
460 1368 648 1421 privato
679 1366 842 1409 Othoni
866 1375 1006 1422 nuper
1034 1375 1137 1409 nota
1165 1367 1377 1417 adulatio,
1406 1369 1529 1422 quod
1559 1369 1742 1423 egregia

132 1448 358 1490 brevitate
384 1448 496 1489 haec
514 1447 761 1502 significat:
786 1447 950 1501 „Otho‚
970 1448 1045 1501 qui
1065 1448 1220 1502 paucis
1239 1448 1399 1489 diebus
1415 1454 1522 1490 ante
1541 1449 1743 1503 privatus

131 1529 290 1579 fuerat,
335 1528 465 1572 facile
505 1528 817 1570 adulationem
848 1509 875 1569 a
909 1528 1101 1570 veritate
1135 1528 1402 1581 dignoscere
1436 1534 1639 1583 poterat;
1673 1535 1742 1570 ut-

132 1615 242 1664 pote
275 1609 352 1664 qui
384 1623 521 1664 saepe
555 1608 630 1650 illa
662 1622 767 1650 usus
800 1614 919 1649 esset
953 1607 1093 1663 ipse.”
1129 1608 1320 1651 Ultrane
1353 1608 1548 1650 feramus
1578 1623 1741 1650 nervos

131 1690 344 1732 Taciteos
387 1689 459 1731 hic
503 1689 642 1731 incidi
683 1688 842 1744 puerili
875 1689 1193 1730 additamento
1225 1697 1355 1743 atque
1385 1690 1534 1731 eadem
1567 1691 1740 1740 dicenti,

19 1762 65 1781 ⁷
122 1770 253 1825 quod
298 1783 417 1811 nunc
452 1783 555 1811 cum
588 1769 848 1824 praeclarae
880 1755 1147 1811 sententiae'
1169 1770 1354 1811 interitu
1389 1776 1492 1824 post
1525 1777 1663 1824 nuper
1695 1771 1739 1811 in

129 1855 260 1892 textu
293 1849 482 1905 legitur?
931 1905 934 1907 v

191 1931 249 1973 H.
283 1932 316 1981 1,
353 1932 424 1987 87.
458 1930 656 1973 Obviam
690 1930 878 1972 Vitellio
911 1944 1015 1972 cum
1050 1930 1174 1972 Otho
1209 1930 1593 1985 proficisceretur:

195 2026 374 2065 „curam
401 2012 586 2053 navium
615 2011 830 2053 Moschus
857 2011 1046 2052 libertus
1075 2011 1301 2052 retinebat
1329 2011 1385 2052 ad
1405 2010 1740 2052 observandam

131 2092 444 2134 honestiorum
478 2091 661 2133 fidem.”

190 2171 310 2215 Satis
343 2173 595 2227 perspicua,
633 2178 681 2213 ut
715 2173 890 2227 opinor,
927 2172 1061 2222 haec3
1099 2172 1177 2212 sed
1208 2185 1299 2225 quo
1328 2172 1471 2225 magis
1499 2178 1740 2227 appareret

129 2252 232 2294 huic
266 2253 370 2295 duci
404 2266 495 2294 non
528 2253 747 2294 accidisse
780 2253 904 2307 quod
939 2252 1107 2293 accidit
1141 2252 1340 2293 Aemilio
1375 2252 1574 2302 Pacensi,
1611 2254 1738 2299 utin

127 2334 223 2375 eius
264 2333 416 2375 locum
459 2333 572 2375 alius
614 2334 758 2388 copiis
800 2333 1134 2388 praeficeretur,
1171 2333 1351 2382 deinde,
1387 2338 1563 2374 mutato
1597 2334 1739 2388 impe-

127 2419 291 2468 ratore,
335 2414 380 2455 in
424 2414 651 2468 integrum
696 2414 1010 2455 restitueretur
1054 2413 1126 2467 (de
1170 2412 1247 2454 illo
1286 2413 1407 2454 enim
1446 2414 1491 2454 in
1530 2416 1738 2469 proxime

127 2494 507 2548 praecedentibus
525 2494 638 2535 haec
656 2494 867 2548 leguntur
881 2511 893 2534 :-
915 2493 1140 2546 „Aemilio
1159 2493 1360 2543 Pacensi,
1379 2494 1449 2534 cui
1468 2495 1736 2550 ademptum

125 2587 152 2615 a
181 2573 327 2615 Galba
356 2574 639 2616 tribunatum
667 2572 976 2627 reddiderat'’)
1007 2572 1245 2613 annotavit
1273 2572 1434 2626 aliquis
1461 2575 1735 2626 immutatus,

126 2638 250 2708 quod
294 2660 530 2709 tamquam
573 2643 608 2696 si
652 2655 801 2696 bonae
845 2653 954 2694 illud
999 2659 1117 2694 esset
1162 2653 1436 2703 Latinitatis,
1482 2655 1658 2697 scribae
1691 2657 1736 2698 in

125 2739 304 2776 textum
328 2740 599 2788 receperunt
625 2735 745 2789 (post
752 2734 922 2790 fidem).
958 2733 1146 2773 Exemit
1165 2732 1393 2784 Muretus;
1413 2740 1568 2776 nostra
1585 2742 1736 2778 aetate

125 2813 314 2855 fortasse
349 2815 548 2855 existent
582 2815 780 2856 editores
813 2814 890 2867 qui
924 2813 1181 2854 restituant.

187 2894 244 2935 H.
275 2895 333 2943 II,
366 2907 400 2935 1.
434 2895 552 2946 „Ubi
578 2895 784 2936 Corinthi
811 2901 960 2935 certos
987 2894 1170 2935 nuntios
1195 2894 1535 2950 (Vespasianus)
1554 2899 1734 2953 aceepit

125 2974 182 3015 de
216 2975 400 3015 interitu
435 2974 607 3015 Galbae
642 2989 681 3015 e.
699 2988 743 3028 q.
763 2974 826 3014 s.”
