2040 3412
1082 327 1163 368 106

386 446 560 499 „Ceteri
579 447 716 487 duces
734 447 777 487 in
796 447 1008 488 obscuro:
1028 446 1282 488 Antonium
1295 446 1474 487 fortuna
1486 445 1695 500 famaque
1709 446 1912 488 omnium
1932 471 1954 508 .'.·

321 526 461 568 oculis
488 532 774 581 exposuerat.
808 527 851 568 Is
878 526 1079 568 balineas
1106 526 1333 568 abluendo
1360 526 1538 580 corpori
1565 539 1757 580 propere
1783 526 1913 581 petit.

323 606 531 660 Excepta
560 619 654 659 ¹vox
686 611 766 655 est,
801 620 905 647 cum
937 612 1144 660 teporem
1178 606 1416 654 incusaret,
1448 605 1601 646 statim
1634 604 1832 647 futurum
1866 610 1916 648 ut
1943 590 1994 642 ’ᾗ

319 675 667 726 incalescerent:
701 686 871 727 vernile
904 687 1077 727 dictum
1111 699 1294 727 omnem
1327 685 1544 726 invidiam
1573 686 1617 726 in
1646 698 1750 727 eum
1778 685 1917 727 vertit

320 769 555 817 tamquam
588 765 764 818 signum
797 766 1109 806 incendendae
1143 765 1394 807 Cremonae
1427 763 1669 806 dedisset'’.
1973 746 1994 827 ’

393 842 567 885 Vernz'le
597 857 687 885 non
721 844 1118 898 reprehensionem
1151 845 1369 894 continet,
1405 844 1514 885 nihil
1541 830 1663 886 aliud
1689 843 1915 898 significat
1961 870 2006 905 3

323 936 459 977 quam
497 924 614 964 servi
648 923 952 978 (balneatoris)
988 938 1041 965 ea
1073 924 1212 986 verba
1244 924 1391 965 fuisse.
1424 922 1498 965 Ob
1530 929 1737 978 teporem
1768 935 1914 977 aquae

323 1002 552 1044 Antonius
579 1017 758 1044 servum
788 1003 911 1045 illum
939 1004 1313 1058 reprehenderat3
1339 1003 1637 1058 responderat
1654 1002 1749 1044 ille:
1779 1015 1938 1056 „moxv
1968 988 1995 1063 *a

320 1082 607 1124 incalescet”.
636 1083 866 1125 Antonius
893 1084 1001 1138 quid
1030 1084 1218 1124 dixisset
1236 1097 1371 1124 nemo
1388 1083 1575 1132 sciebat,
1593 1082 1674 1124 sed
1690 1081 1912 1133 homines,

322 1162 398 1215 qui
442 1176 584 1216 prope
626 1163 884 1212 adstabant,
926 1163 1124 1216 aliquem
1166 1162 1372 1204 Antonio
1406 1162 1759 1217 respondentem
1787 1161 1914 1203 audi·
1982 1145 2006 1170 ³⁹

325 1248 482 1283 verant
520 1256 654 1295 „mox
685 1242 971 1291 incalescet”,
1004 1243 1110 1284 inde
1142 1243 1401 1284 coniectura
1435 1247 1541 1284 nata
1573 1246 1642 1283 est
1673 1241 1731 1283 de
1763 1241 1917 1283 incen-

324 1322 475 1363 denda
508 1322 617 1363 urbe
651 1324 768 1364 inter
801 1336 878 1364 eos
909 1322 1043 1364 fuisse
1075 1336 1344 1364 sermonem.
1982 1308 1996 1342 ⁷·

385 1402 442 1443 H.
478 1403 558 1452 III,
606 1415 672 1457 39.
722 1403 906 1456 „Blaeso
948 1417 1083 1458 super
1125 1403 1376 1444 claritatem
1410 1401 1627 1444 natalium
1659 1406 1705 1442 et
1737 1399 1916 1456 elegan-
1982 1371 2012 1465 >ss's>

322 1482 432 1522 tiam
478 1496 654 1524 morum
696 1483 800 1524 fidei
845 1483 1092 1525 obstinatio
1133 1483 1238 1524 fuit:
1283 1483 1467 1536 integris
1509 1479 1861 1536 quoque'rebus
1888 1493 1916 1523 a
1975 1514 2009 1549 2..

323 1561 518 1603 Caecina
558 1568 603 1604 et
646 1563 917 1617 primoribus
950 1564 1145 1618 partium
1179 1563 1267 1604 iam
1303 1562 1536 1604 Vitellium
1568 1559 1915 1616 aspernantibus
1984 1544 1986 1546 V

321 1641 518 1683 ambitus
550 1642 748 1684 abnuere
782 1641 1131 1697 perseveravit’'.

381 1721 579 1776 Integris
620 1736 783 1777 quoque
823 1723 952 1765 rebus
991 1723 1018 1763 i.
1048 1737 1085 1764 e.
1130 1723 1391 1776 priusquam
1432 1734 1585 1776 pugna
1616 1719 1912 1762 Cremonensi

322 1801 518 1854 partium
563 1801 910 1843 Vitellianarum
943 1815 1053 1856 opes
1085 1801 1253 1843 fractae
1285 1806 1426 1842 erant.
1460 1799 1507 1842 Si
1540 1804 1645 1854 post
1675 1797 1798 1840 illam
1830 1811 1912 1853 pu·
1979 1811 1983 1818 ⁴

321 1893 457 1933 gnam
488 1880 670 1921 Blaesus
696 1881 926 1922 abnuisset
963 1881 1299 1923 Vitellianorum
1316 1880 1538 1935 duxfieri,
1559 1891 1718 1934 parum
1736 1878 1911 1933 insigne

322 1961 521 2002 dedisset
553 1960 658 2002 fidei
687 1962 1033 2003 documentum:
1067 1968 1164 2003 tum
1193 1962 1312 2002 enim
1342 1960 1614 2002 Vitellianae
1642 1958 1743 2000 illae
1761 1963 1912 2014 partes
1974 1961 2010 2018 v32³

322 2039 484 2080 nullius
516 2041 605 2081 iam
638 2047 766 2083 erant
799 2042 945 2095 pretii,
979 2041 1245 2095 illarumque
1273 2041 1367 2081 dux
1394 2039 1489 2081 fieri
1517 2039 1663 2093 quivis
1681 2037 1911 2088 noluisset,

323 2133 413 2161 non
461 2121 551 2163 fide
598 2135 704 2176 erga
747 2121 982 2162 Vitellium
1031 2122 1192 2162 ductus
1239 2121 1319 2161 sed
1363 2120 1495 2162 totius
1541 2119 1611 2160 rei
1654 2123 1910 2175 contemptu.

323 2201 449 2242 Haec
483 2202 635 2242 omnia
668 2201 875 2251 observo,
909 2202 1015 2255 quia
1047 2202 1355 2254 interpretem,
1390 2199 1465 2253 qui
1493 2197 1613 2239 solus
1641 2201 1774 2238 notus
1800 2195 1911 2238 mihi

322 2286 403 2330 est,
447 2281 781 2335 perversissime
823 2281 942 2322 hunc
985 2281 1135 2322 locum
1176 2280 1381 2334 accipere
1414 2278 1520 2320 vidi.
1555 2276 1757 2318 Ritterus
1788 2274 1911 2316 enim
1989 2278 2010 2287 ”

322 2361 597 2402 Boetticheri
625 2361 740 2402 hanc
769 2361 933 2415 probat
959 2360 1321 2402 annotationem:
1354 2361 1543 2412 „spaten
1562 2356 1626 2398 als
1643 2356 1717 2398 die
1735 2354 1912 2409 Gegen-

323 2442 467 2494 partei
507 2441 649 2482 sehon
691 2441 863 2494 gesiegt
904 2439 1045 2489 hatte,
1088 2453 1177 2480 war
1219 2439 1365 2480 Treue
1399 2437 1594 2490 weniger
1625 2434 1745 2476 hoch
1776 2446 1910 2476 anzu-
1986 2486 1988 2491 ι

322 2521 532 2570 rechnen,
577 2521 635 2562 da
675 2534 726 2561 so
768 2524 920 2574 spater
960 2519 1115 2560 Abfall
1157 2519 1304 2572 wenig
1344 2531 1450 2558 vom
1492 2515 1648 2569 Sieger
1689 2504 1911 2555 ervziarten
1979 2508 1992 2514 ”

320 2599 466 2641 liess”.
511 2601 576 2641 At
618 2601 834 2642 invitatus
875 2600 1020 2640 fuerat
1054 2599 1247 2647 Blaesus,
1283 2611 1373 2639 non
1407 2602 1455 2638 ut
1487 2596 1544 2637 ad
1577 2593 1910 2648 Vespasianum

322 2681 533 2721 transiret
566 2680 668 2733 (hoc
701 2680 821 2720 enim
853 2679 1088 2720 ambeundz‘
1116 2678 1257 2719 verbo
1284 2675 1524 2730 significari
1553 2673 1725 2728 nequit)
1751 2671 1912 2731 sed-ut
1976 2692 2002 2726 >2

322 2773 403 2812 pro
438 2759 625 2800 Vitellio
668 2760 767 2813 ipso
800 2760 893 2799 dux
925 2757 1272 2799 Vitellianarum
1304 2755 1431 2796 fieret
1464 2753 1674 2808 partium.
1717 2750 1820 2792 Hoc
1851 2748 1911 2792 ab
1994 2748 2006 2803 ζ

322 2851 376 2878 eo
405 2839 661 2891 petiverant
689 2838 882 2880 Caecina
910 2843 956 2878 et
983 2837 1202 2891 primores
1229 2835 1438 2889 partium,
1463 2833 1540 2886 qui
1569 2829 1805 2873 Vitellium
1821 2828 1912 2870 iam
1978 2847 1997 2886 ¹a

321 2917 688 2970 aspernabantur,
724 2918 750 2958 i.
779 2930 817 2957 e.
852 2930 1010 2970 parum
1043 2916 1229 2969 dignum
1261 2915 1567 2966 idoneumque
1593 2911 1756 2952 ducem
1783 2912 1915 2962 puta·
1985 2954 2006 2977 7

323 2995 447 3037 bant.
472 2995 545 3038 Sic
569 2996 752 3036 demum
774 2995 1007 3037 ambeundz'
1026 2994 1214 3035 verbum
1237 3006 1318 3034 suo
1340 2992 1424 3033 sibi
1446 3004 1578 3031 sensu
1596 2989 1796 3043 positum
1808 2985 1912 3039 crit.
