2040 3412
0 2830 10 2863 ..m
0 2761 8 2822 ..ww-r
0 2371 18 2744 v--x-munv-vm--fwwws
0 2343 7 2358 -.·

0 1913 14 2058 ἓ

0 2189 6 2232 ε

163 240 180 250 2
936 224 990 278 87

158 341 381 397 leguntur,
429 348 584 384 tamen
633 356 771 397 prave
819 344 1095 385 sententiam
1144 345 1435 398 distinguere.
1481 344 1763 386 Addendum

157 427 274 464 erat:
304 436 394 463 non
423 435 557 476 posse
585 436 662 463 eos
690 423 880 476 antiquo
908 437 1040 465 sensu
1068 425 1370 466 Romanorum
1395 425 1483 466 dici
1507 424 1762 479 populares.

218 502 277 543 H.
313 502 346 551 Ι,
378 514 450 555 44.
485 502 556 543 De
589 503 729 543 caede
766 503 939 545 Pisonis
971 504 1083 545 haec
1117 504 1331 558 legimus:

218 581 427 635 „Nullam
470 582 659 623 caedem
704 581 829 624 Otho
874 584 1043 624 maiore
1087 584 1260 625 laetitia
1304 586 1552 639 excepisse,
1591 585 1763 626 nullum

155 668 294 717 caput
337 668 432 704 tam
475 663 807 703 insatiabilibus
840 663 982 704 oculis
1015 663 1310 717 perlustrasse
1344 665 1520 714 dicitur,
1555 679 1632 705 seu
1665 670 1762 706 tum

156 742 352 797 primum
385 741 535 783 levata
568 743 692 783 omni
726 742 1030 784 sollicitudine
1059 757 1188 784 mens
1217 757 1376 785 vacare
1405 745 1572 798 gaudio
1601 759 1762 799 coepe-

156 827 239 873 rat,
286 836 364 864 seu
412 823 669 864 recordatio
712 823 962 864 maiestatis
1004 824 1049 865 in
1094 824 1253 874 Galba,
1296 825 1523 866 amicitiae
1567 826 1611 866 in
1657 826 1762 867 Tito

158 902 298 945 Vinio
340 904 549 957 quamvis
591 903 798 944 inmitem
841 904 1042 945 animum
1086 905 1282 959 imagine
1321 906 1436 946 tristi
1470 906 1760 947 confuderat:

158 983 330 1025 Pisonis
358 989 407 1024 ut
434 983 603 1024 inimici
629 989 674 1024 et
699 984 863 1025 aemuli
889 985 1030 1025 caede
1053 985 1210 1038 laetari
1237 986 1303 1026 ius
1326 985 1482 1040 fasque
1500 986 1760 1028 credebat”.

215 1064 323 1106 Post
365 1064 634 1119 confuderat
676 1077 766 1105 non
799 1065 1041 1106 ‘distinctio
1087 1066 1230 1106 maior
1261 1067 1340 1107 sed
1376 1067 1548 1120 virgula
1582 1074 1650 1108 est
1683 1081 1762 1121 po·

153 1145 326 1195 nenda;
357 1144 765 1194 coordinationem,
792 1150 841 1185 ut
865 1144 1112 1198 loquuntur
1134 1146 1432 1199 grammatici,
1451 1146 1523 1187 hic
1542 1147 1762 1188 habemus

151 1238 235 1280 pro
258 1225 649 1274 subordinatione,
676 1230 836 1279 estque
861 1225 1002 1266 totius
1023 1225 1109 1266 loci
1128 1240 1201 1267 seu
1220 1227 1469 1269 recordatio
1487 1252 1544 1257 -—
1562 1228 1764 1270 credebat

151 1304 335 1346 schema
375 1304 485 1346 hoc:
535 1319 652 1358 „seu,
692 1318 795 1346 cum
829 1306 873 1346 in
909 1304 1055 1346 Galba
1088 1311 1134 1347 et
1170 1306 1309 1347 Vinio
1341 1308 1558 1360 gaudium
1592 1308 1761 1361 aliqua-

149 1391 283 1428 tenus
316 1392 439 1427 certe
473 1386 776 1435 minuebatur,
811 1386 867 1427 de
901 1386 1075 1427 Pisonis
1109 1393 1254 1427 morte
1288 1387 1460 1428 laetitia
1494 1387 1629 1442 plena
1663 1402 1762 1442 per-

153 1465 365 1521 sectaque
398 1466 538 1508 erat”.

214 1546 273 1588 H.
308 1547 342 1596 1,
375 1547 446 1588 66.
497 1546 673 1599 „Lento
717 1547 821 1587 dein
866 1547 1048 1600 agmine
1092 1561 1172 1601 per
1215 1546 1326 1588 fines
1369 1547 1674 1602 Allobrogum
1708 1563 1760 1590 ac

154 1627 487 1669 Vocontiorum
530 1611 693 1668 ductus
731 1627 969 1676 exercitus,
1004 1628 1102 1681 ipsa
1135 1628 1346 1668 itinerum
1380 1629 1526 1682 spatia
1559 1634 1604 1669 et
1636 1630 1761 1670 stati-

152 1721 312 1749 vorum
346 1707 621 1748 mutationes
655 1707 921 1748 venditante
955 1706 1113 1757 duce”‚
1151 1707 1338 1761 (Valens
1365 1708 1438 1748 ille
1467 1715 1546 1757 est,
1578 1709 1761 1750 alterius

109 1781 112 1782 ⁷
151 1788 377 1839 exercitus
410 1787 645 1829 Vitelliani
679 1787 788 1841 dux)
828 1787 997 1839 „foedis
1025 1788 1314 1841 pactionibus
1341 1789 1558 1829 adversus
1587 1803 1760 1843 posses-

150 1881 275 1909 sores
317 1881 528 1922 agrorum
573 1873 618 1908 et
661 1868 951 1921 magistratus
990 1868 1241 1917 civitatum,
1276 1869 1392 1909 adeo
1427 1869 1676 1918 minaciter,
1711 1875 1760 1910 ut

152 1948 279 1989 Luco
306 1948 619 2003 (municipium
649 1948 694 1989 id
723 1948 1056 1989 Vocontiorum
1082 1949 1164 2003 est)
1185 1948 1304 1989 faces
1322 1949 1592 1998 admoverit,
1613 1950 1759 1990 donec

151 2029 345 2083 pecunia
377 2028 703 2083 mitigaretur”.

212 2109 578 2163 Languidissima
619 2110 846 2150 sententia
890 2109 1034 2150 multo
1078 2109 1155 2150 fiet
1198 2109 1448 2163 elegantior
1491 2111 1526 2150 si
1569 2110 1633 2151 sic
1672 2110 1758 2151 dis-

149 2191 351 2245 tingues:
400 2191 693 2245 „venditante
738 2190 853 2231 duce
892 2190 1037 2231 foedis
1072 2190 1373 2244 pactionibus,
1408 2191 1624 2231 adversus
1658 2204 1758 2244 pos-

150 2285 346 2313 sessores
390 2284 600 2325 agrorum
645 2276 691 2311 et
736 2271 1025 2324 magistratus
1068 2270 1304 2310 civitatum
1348 2271 1464 2311 adeo
1509 2271 1758 2316 minaciter.

150 2357 200 2394 ut
243 2352 372 2393 Luco
405 2365 443 2392 e.
478 2365 520 2405 q.
555 2351 620 2392 s.”
666 2351 822 2392 Foede
868 2350 1185 2404 paciscebatur
1227 2355 1272 2390 et
1312 2351 1580 2391 venditabat
1612 2351 1759 2405 spatia

150 2432 363 2473 itinerum
396 2437 442 2472 et
474 2431 743 2472 stativorum
778 2431 1066 2478 mutationes
1101 2435 1239 2483 atque
1273 2430 1318 2470 in
1346 2444 1400 2471 ea
1428 2432 1758 2473 nundinatione

150 2517 244 2553 tam
287 2512 395 2553 diris
437 2512 654 2552 adversus
691 2513 973 2565 possessores
1006 2523 1216 2563 agrorum
1252 2516 1297 2551 et
1332 2512 1620 2564 magistratus
1653 2513 1758 2553 civi-

151 2597 296 2633 tatum
346 2592 479 2633 minis
527 2592 740 2632 utebatur
788 2597 838 2631 ut
888 2591 1015 2630 Luco
1049 2603 1086 2630 e.
1123 2603 1166 2643 q.
1201 2603 1234 2630 s.
1279 2589 1414 2643 Quod
1460 2605 1578 2632 nunc
1623 2606 1762 2633 unum

152 2671 414 2726 exemplum
457 2672 672 2725 sequitur,
707 2685 731 2711 e
766 2683 857 2724 quo
891 2670 1055 2723 quibus
1087 2670 1306 2710 adversus
1338 2671 1637 2725 magistratus
1669 2680 1763 2713 tan-

153 2752 372 2794 tummodo
400 2765 503 2792 usus
530 2753 587 2792 sit
617 2751 749 2792 minis
775 2755 980 2804 apparet,
1010 2749 1259 2790 tolerabilis
1287 2756 1355 2791 est
1385 2752 1584 2792 durities.
1615 2752 1762 2793 Multo

154 2837 277 2872 certe
311 2832 528 2885 ingratius
561 2832 605 2871 in
635 2830 803 2871 tradita
831 2829 888 2870 ab
917 2829 1168 2869 editoribus
1197 2830 1490 2871 distinctione
1518 2831 1627 2872 illud
1657 2833 1763 2873 adeo

157 2911 391 2952 minaciter
424 2924 462 2951 e.
492 2925 534 2965 q.
564 2925 596 2951 s.
632 2909 1012 2964 praecedentibus
1045 2909 1141 2949 sine
1176 2909 1265 2950 ullo
1299 2910 1508 2952 adiicitur
1537 2912 1731 2953 vinculo.
