2040 3412
1094 290 1180 334 294

1907 369 1947 395 πᾷ

311 385 320 413 ζ·
338 401 453 443 solet
482 414 573 442 non
603 399 852 440 infinitivus
879 399 959 441 sed
987 400 1270 442 accusativus
1297 379 1471 455 aliquis,
1500 401 1554 443 cf.
1582 379 1920 456 Thucydiden
1915 402 1962 462 {31

339 481 448 522 illud
482 477 771 529 ἀπαξιούντων
803 478 848 519 τὸ
882 476 1013 530 ἔργον.
1927 480 1974 512 ‘⁵

401 559 526 602 Otho
558 559 650 601 VII
692 559 872 600 Annius
911 559 1065 601 Gallus
1097 574 1232 615 opem
1267 559 1519 615 Spurinnae
1551 561 1721 603 laturus
1753 560 1981 608 Placen·

339 641 450 681 tiam
484 639 797 694 proficiscitur,
831 640 911 680 sed
943 639 1020 680 ubi
1049 639 1227 694 pulsum
1255 641 1361 682 inde
1387 655 1414 682 a
1441 640 1668 695 Spurinna
1695 633 1983 688 Caecinam

342 721 430 761 iam
474 718 747 761 Cremonam
780 732 1045 774 oppugnare
1078 721 1308 774 cognovit,
1342 734 1397 761 eo
1429 721 1515 762 iter
1546 721 1684 763 vertit
1714 725 1761 763 et
1792 732 1987 779 prope

342 800 496 840 hostes
538 804 686 840 castra
718 799 861 853 ponit,
894 796 1044 840 ἔπειτα
1078 798 1147 840 καὶ
1181 802 1259 841 τῶν
1293 798 1434 842 ἄλὶων
1466 797 1641 846 ἕκαστος
1673 802 1965 854 στρατηγῶεὴς

343 878 432 928 Sic,
475 883 525 919 ut
568 879 741 933 opinor,
787 879 986 920 narravit
1029 879 1316 922 Plutarchus:
1361 881 1532 935 primus
1573 880 1753 922 Annius
1784 871 1979 933 Gallus

343 959 515 1013 (πρῶτον
547 957 623 1008 μὲν
650 956 813 1004 ’Ἄννιος
842 955 1039 1013 Γάλλος),
1068 947 1234 1000 deinde
1262 960 1401 1001 ceteri
1429 973 1612 1015 quoque
1639 961 1777 1003 duces
1793 941 1995 1032 prope*

344 1039 497 1080 hostes
544 1044 590 1080 et
638 1051 781 1093 prope
830 1037 1103 1080 Cremonam
1152 1045 1400 1094 posuerunt
1448 1045 1608 1081 castra.
1653 1039 1771 1081 Nam
1812 1036 1983 1095 quod

344 1133 463 1161 nune
490 1118 676 1172 legitur:
705 1116 855 1160 ἔπειτα
883 1133 953 1159 κοιι
982 1121 1061 1159 τῶν
1089 1116 1231 1160 ἄλλων
1260 1115 1437 1165 ἕκαστος
1463 1118 1620 1170 ἐβοήθει
1638 1119 1694 1172 τῷ
1713 1109 1986 1181 στρατηγφξῗῗ

345 1201 499 1254 inepte
546 1199 791 1253 repetitum
835 1204 903 1240 est
946 1212 971 1239 e
1014 1199 1436 1253 praecedentibus’
1436 1198 1590 1246 Ἀννιος
1632 1197 1798 1247 Γάλλος
1839 1197 1988 1255 πρὸς
1968 1195 1993 1230 ‘-

345 1285 412 1321 Π)
418 1277 612 1321 οικεντίοιν
648 1276 855 1332 Σπουρίνᾳ
886 1278 1057 1329 βοηθῶν,
1089 1285 1327 1334 totamque
1358 1280 1594 1334 perturbat
1621 1279 1989 1331 narrationem.

349 1360 532 1402 Etenim
560 1358 723 1410 βοηθεῖν
740 1358 806 1411 τῷ
833 1359 1057 1412 στρατηγῷ
1086 1360 1132 1400 in
1161 1360 1246 1402 hoc
1274 1366 1493 1402 contextu
1521 1360 1631 1402 nihil
1657 1361 1780 1403 aliud
1805 1360 1994 1422 signi-¹4,

347 1441 481 1483 ficare
515 1446 668 1496 potest
700 1444 860 1495 quam:
895 1440 1162 1495 Spurinnae,
1195 1421 2000 1535 Placentiam·desenc1ent:i‚ope-zm}¹

349 1521 483 1571 ferre;
519 1526 566 1562 at
598 1520 729 1562 nobis
762 1521 851 1561 iam
885 1532 955 1561 res
987 1525 1056 1561 est
1087 1534 1190 1561 cum
1226 1519 1455 1563 Cremona.
1949 1510 1990 1579 ⁰3

408 1600 533 1643 Otho
566 1600 608 1641 X
660 1599 894 1641 Brixillum
937 1600 1115 1641 rediens
1158 1599 1282 1642 Otho
1325 1606 1370 1642 et
1412 1599 1499 1642 alia
1538 1601 1747 1656 peccavit
1778 1606 1825 1645 et
1854 1582 2005 1660 hnc-¹³2]⁴

349 1682 473 1735 quod
514 1679 607 1726 τοὺς
652 1678 1031 1732 ἐρρωμενεστάτους
1077 1678 1147 1720 καὶ
1191 1678 1526 1732 προθυμοτάτους
1554 1679 1605 1722 δι’
1637 1680 1762 1723 αὑτὸν
1795 1681 1943 1729 ἱππ-εἵς

349 1760 420 1802 καὶ
463 1759 609 1814 πεζοὺς
652 1760 896 1811 ἀπαγαγὼν
943 1760 1140 1812 φυλακην
1180 1762 1252 1801 τοῦ
1295 1759 1488 1811 σώματος
1529 1759 1705 1814 ὡσπερεί
1744 1776 1784 1805 τι
1818 1740 2000 1816 edua-‚J

349 1845 423 1888 τῆς
458 1839 669 1891 δυνάμεως
704 1839 911 1891 ἀπέκοψε.
946 1840 1080 1897 Haud
1115 1841 1252 1882 dubie
1285 1843 1408 1891 σῶμα
1436 1842 1591 1896 inepte
1618 1856 1643 1884 e
1670 1820 2019 1906 praeceden-'Qss

350 1922 472 1963 tibus
514 1926 582 1962 est
625 1921 883 1975 repetitum.
929 1921 1080 1975 Ipsam
1124 1934 1299 1971 vocem,
1335 1935 1472 1976 quam
1505 1921 1770 1965 Plutarchus
1802 1917 1948 1977 dedit,
1966 1913 2007 1949 ²

352 2017 443 2045 non
472 2008 668 2057 praesto,
697 2002 775 2044 sed
804 2002 1045 2056 requiritur
1072 2001 1208 2044 validi
1237 2001 1422 2043 alicuius
1449 2007 1496 2043 et
1524 2003 1742 2057 pugnacis
1763 1999 1999 2050 membri}

353 2083 539 2125 mentio.
582 2082 642 2123 Et
685 2088 734 2123 ut
776 2082 923 2123 omnis
966 2081 1190 2123 eximatur
1227 2081 1454 2123 dubitatio
1485 2081 1594 2136 quin
1627 2082 1672 2123 in
1705 2081 1790 2124 hac
1822 2085 1996 2130 cette

353 2169 481 2219 parte
516 2163 717 2218 (omnino
748 2163 793 2204 in
827 2163 947 2204 Vitis
977 2176 1114 2217 saepe
1147 2162 1315 2204 factum
1343 2162 1452 2204 illud
1480 2163 1563 2217 est)
1589 2176 1862 2219 permagnus
1887 2159 2020 2212 siti·

354 2257 565 2285 numerus
607 2243 810 2285 locorum
857 2243 920 2284 ita
961 2248 1276 2297 corruptorum
1318 2247 1366 2284 ut
1409 2242 1632 2285 vocabula
1672 2248 1753 2285 aut
1791 2256 1819 2285 a
1841 2234 2003 2300 fena*

354 2324 398 2365 in
443 2329 574 2365 textu
616 2324 723 2365 sede
766 2323 1077 2365 aberraverint
1119 2327 1196 2364 aut
1229 2336 1253 2363 e
1286 2323 1486 2376 margine
1519 2323 1564 2364 in
1596 2327 1776 2365 textum
1806 2305 2005 2385 ειῒᾳαθὲςῖ

353 2405 470 2445 adeo
513 2404 557 2444 in
600 2403 795 2444 alienum
838 2408 991 2444 textus
1032 2402 1182 2444 locum
1225 2403 1498 2456 irrepserint,
1541 2407 1633 2443 tres
1673 2386 2002 2463 hic.addam>*“·ff

356 2484 528 2525 dudum
575 2483 666 2524 iam
713 2482 771 2523 ab
819 2482 916 2523 aliis
963 2482 1020 2523 ad
1068 2482 1262 2523 eandem
1310 2494 1516 2523 normam
1560 2486 1800 2524 correctos.
1843 2479 1982 2539 Quo

357 2563 499 2604 maior
541 2563 662 2603 enim
704 2561 777 2603 hic
819 2562 1002 2603 affertur
1045 2575 1257 2603 numerus
1298 2575 1353 2602 eo
1396 2561 1565 2602 firmior
1607 2560 1658 2602 fit
1689 2555 2000 2626 compagtxsssgjgT

358 2642 472 2684 Sunt
498 2647 651 2683 autem
679 2647 771 2683 tres
799 2641 898 2682 illae
927 2641 1270 2683 emendationes
1296 2641 1584 2690 certissimae,
1603 2645 1649 2681 et
1661 2640 1777 2682 duae
1793 2650 1995 2716 earum?

358 2735 534 2763 summa
566 2727 754 2776 propter
786 2721 1035 2762 inventoris
1067 2734 1257 2762 acumen
1291 2721 1454 2775 dignae
1486 2719 1996 2764 admiratione.

419 2801 564 2842 Galba
607 2801 687 2842 IV.
739 2800 884 2842 Galba
926 2815 952 2842 a
994 2800 1189 2842 Vindice
1231 2801 1448 2841 invitatus
1489 2805 1539 2840 ut
1580 2799 1625 2840 in
1667 2811 1716 2840 se
1757 2771 2001 2853 recipiatis·

358 2880 610 2934 imperium,
654 2892 757 2920 cum
799 2879 955 2920 amicis
992 2879 1234 2930 deliberat,
1270 2879 1330 2920 ibi
1364 2879 1526 2921 Vinius
1562 2879 1696 2933 „quid
1728 2863 2005 2940 delibera⁹†s

360 2973 471 3011 mus,
505 2959 589 3001 ait:
636 2959 680 3000 τὸ
715 2959 797 3010 γὰρ
833 2958 967 3014 ζητεῖν
1000 2957 1152 3011 Νέρωνι
1188 2959 1219 3001 εἰ
1254 2958 1391 3000 πιστοὶ
1424 2961 1628 3009 μενοῦμεν
1654 2958 1732 3001 οὐκ
1765 2956 1839 3008 ἤδη
1870 2970 2002 3023 μι-
