2040 3412
878 242 958 298 167

111 363 377 419 significare«
412 375 550 417 quam
597 362 740 403 hocce
782 363 1193 404 absurdissimumz-
1228 361 1419 414 „milites
1461 359 1719 402 Germanici

31 453 36 463 ³
110 457 295 487 manum
337 442 678 498 prehenderunt
722 447 860 496 atque
903 443 1005 485 huic
1048 443 1332 484 inseruerunt
1375 455 1476 483 suos
1508 438 1719 494 digitos.”

27 533 36 547 ³
109 523 231 581 Quid
264 529 419 566 tamen
452 523 682 578 scripserit
714 523 901 565 Tacitus
935 537 1026 565 non
1060 524 1209 566 video.

168 604 202 655 1,
231 604 303 646 61.
333 603 641 652 Germanicus,
673 617 776 644 cum
806 617 950 658 prope
978 603 1036 645 ab
1064 617 1120 645 eo
1149 603 1251 644 loco
1279 602 1473 651 abesset,
1503 601 1579 642 ubi
1609 600 1719 642 Vari

26 694 37 730 ³5
107 684 311 740 legiones
337 683 515 725 fuerant
542 682 810 737 profligatae
829 689 874 724 et
894 683 1110 737 reliquiae
1128 696 1283 724 earum
1302 681 1555 736 insepultae
1574 682 1720 722 iacere

109 764 390 814 dicebantur,
426 763 644 804 militibus
675 764 871 818 ducique
904 763 1080 805 solvere
1113 764 1230 804 iusta
1261 762 1499 817 cupiebat:

177 844 454 898 „Praemisso
488 843 697 893 Caecina,
727 849 776 884 ut
804 843 983 884 occulta
1011 843 1207 884 saltuum
1234 847 1509 884 scrutaretur
1537 846 1719 895 pontes-

113 938 202 979 que
229 929 277 966 et
302 936 491 978 aggeres
518 923 921 977 umido-paludum
943 928 988 964 et
1006 922 1240 964 fallacibus
1258 923 1431 977 campis
1449 923 1718 976 imponeret,

6 1000 46 1065 j„
111 1005 331 1047 incedunt
364 1009 562 1046 maestos
594 1003 719 1044 locos
752 1004 941 1057 visuque
974 1017 1026 1044 ac
1061 1003 1279 1044 memoria
1313 1002 1540 1043 deformis.
1570 1002 1720 1042 Prima

113 1085 224 1128 Vari
252 1089 400 1126 castra
425 1083 520 1125 lat'o
547 1083 723 1125 ambitu
751 1089 797 1124 et
825 1083 1040 1125 dimensis
1068 1083 1300 1137 principiis
1330 1083 1465 1124 trium
1489 1082 1719 1136 legionum

112 1179 273 1208 manus
305 1164 646 1207 ostentabant.'’

168 1245 215 1287 A
251 1245 396 1287 tribus
428 1245 616 1299 integris
648 1244 904 1298 legionibus
937 1258 991 1285 ea
1024 1249 1171 1285 castra
1203 1249 1375 1285 structa
1407 1257 1504 1285 esse
1540 1243 1717 1292 milites,

110 1339 214 1368 cum
263 1331 570 1375 accesserant,
618 1324 774 1365 statim
822 1323 1123 1378 intelligebant
1169 1323 1321 1378 (paulo
1370 1329 1474 1378 post
1516 1323 1719 1377 sequitur

110 1406 222 1449 illud
265 1407 469 1456 verbum,
512 1407 569 1448 de
602 1419 694 1459 quo
728 1405 783 1446 cf.
818 1420 861 1459 p.
902 1405 983 1459 17),
1017 1410 1172 1446 tantus
1204 1410 1300 1446 erat
1333 1418 1489 1445 eorum
1521 1404 1720 1446 ambitus

111 1492 158 1530 et
200 1492 356 1529 tantae
399 1500 558 1528 omnes
601 1499 758 1528 eorum
793 1491 958 1540 partes.
1007 1484 1098 1527 Sed
1131 1485 1378 1526 absurdum
1412 1491 1481 1526 est
1513 1485 1570 1525 ad
1607 1485 1719 1526 eius-

114 1567 239 1609 modi
267 1581 349 1617 res,
380 1567 438 1608 de
465 1566 629 1621 quibus
655 1566 739 1607 soli
767 1565 885 1607 oculi
914 1565 1066 1606 idonei
1095 1571 1200 1606 sunt
1229 1571 1381 1614 testes,
1402 1565 1720 1619 intelligendas

111 1661 321 1702 promere
364 1643 560 1702 perticas
603 1652 666 1688 et·
692 1646 992 1687 metatoribus
1025 1646 1242 1687 exhibere
1277 1646 1473 1699 negotia.
1523 1645 1720 1686 Accedit

41 1760 58 1771 .‚
113 1727 238 1782 quod
279 1727 370 1770 lato
411 1727 578 1769 ambitu
611 1735 654 1769 et
683 1727 890 1768 dimensis
913 1712 1156 1780 principiis
1188 1726 1437 1767 admodum
1471 1726 1719 1779 incongrue

112 1807 286 1850 dictum
329 1813 411 1849 est.
461 1808 636 1849 Locum
681 1806 802 1848 haud
836 1806 974 1847 dubie
1008 1811 1272 1860 corruptum
1306 1805 1535 1846 lenissima
1567 1819 1720 1846 emen-

113 1889 298 1931 datione
341 1888 386 1929 in
430 1888 656 1941 integrum
701 1887 937 1928 restituere
981 1892 1126 1941 potes.
1172 1886 1443 1940 Legendum
1488 1887 1608 1927 enim
1651 1891 1720 1927 est

112 1969 336 2011 immensis
367 1968 622 2023 principiis.
667 1968 738 2008 De
781 1967 996 2008 adiectivi
1036 1967 1272 2008 immensus
1315 1980 1396 2007 usu
1439 1966 1630 2007 Taciteo
1660 1965 1718 2006 cf.

113 2052 230 2104 qu'ae
261 2049 432 2103 scripta
463 2053 567 2089 sunt
599 2061 702 2102 pag.
745 2057 839 2100 155.

173 2129 208 2179 I,
240 2138 312 2184 74.
358 2129 410 2170 In
455 2128 674 2170 Granium
720 2127 986 2168 Marcellum
1031 2141 1169 2169 unum
1213 2127 1435 2168 eiusmodi
1469 2127 1639 2168 crimen
1674 2128 1719 2167 in

110 2213 272 2250 senatu
315 2208 541 2263 profertur
582 2213 631 2249 ut
674 2208 764 2249 irae
797 2221 904 2248 suae
938 2207 1161 2261 imperare
1196 2221 1286 2248 non
1321 2208 1463 2261 possit
1495 2207 1717 2248 Tiberius.

113 2287 205 2331 Sed
238 2288 392 2343 lepida
425 2288 505 2330 Cn.
539 2288 714 2330 Pisonis
747 2288 1102 2341 interrogatione
1136 2287 1418 2328 confutatur:

179 2374 469 2423 „quantoque
513 2369 736 2410 incautius
780 2367 1032 2417 efferverat‚
1077 2368 1359 2422 paenitentia
1402 2368 1580 2422 patiens
1616 2367 1720 2408 tulit

113 2449 289 2491 absolvi
320 2463 447 2490 reum
481 2449 744 2490 criminibus
777 2447 1070 2489 maiestatis.'’

174 2530 245 2571 De
272 2537 504 2572 structura
533 2543 623 2570 non
652 2529 850 2582 ambigo,
881 2542 1158 2582 quamquam
1189 2528 1336 2569 nullus
1358 2543 1382 2569 e
1406 2528 1568 2570 Tacito
1592 2528 1719 2570 affer-

113 2615 186 2652 tur
225 2609 351 2651 locus
395 2610 471 2657 ubi
505 2624 550 2651 eo
584 2610 708 2650 modo
740 2623 822 2662 quo
855 2608 925 2649 lzz’c
958 2608 1179 2662 positivus
1212 2608 1372 2662 aliquis
1405 2609 1719 2662 comparativo

114 2690 375 2744 opponitur.
420 2689 511 2732 Sed
555 2690 702 2743 ipsum
735 2688 844 2729 illud
869 2688 1144 2742 paenitentia
1168 2688 1345 2743 patiens
1376 2703 1509 2730 sensu
1543 2703 1719 2730 cassum

115 2783 212 2812 esse
255 2770 365 2812 mihi
407 2784 490 2825 pro
533 2774 658 2810 certo
701 2773 894 2809 constat.
940 2767 1103 2822 Neque
1146 2769 1209 2809 ita
1245 2769 1475 2823 scripsisse
1507 2769 1718 2811 Tacitum

114 2850 211 2905 ipse
253 2851 402 2892 codex
441 2850 678 2904 perspicue
721 2849 1018 2889 demonstrat.
1052 2848 1104 2889 In
1138 2849 1335 2891 Medicei
1369 2851 1490 2891 enim
1522 2851 1719 2905 imagine

115 2930 432 2985 phototypica,
476 2943 613 2984 quam
657 2928 837 2982 egregie
879 2927 1211 2970 conficiendam
1249 2930 1423 2971 curavit
1456 2930 1717 2985 Sythoffius,
