2040 3412
892 310 972 353 241

69 470 77 476 4
195 417 349 460 Palam
393 423 462 460 est
504 417 576 460 hic
619 419 716 460 vitii
758 418 899 461 latere
942 419 1135 474 aliquid;
1171 407 1340 462 etenim
1372 421 1592 463 Romanos
1624 435 1735 471 esse,

54 486 91 540 ·.;Ῐ”
135 497 214 553 qui
255 498 329 540 hic
371 512 588 554 prospere
631 505 828 541 certasse
870 500 1092 550 dicuntur,
1129 500 1417 542 manifestum
1449 501 1501 542 fit
1532 501 1585 543 iis
1618 515 1734 556 quae

133 583 408 633 sequuntur:
453 579 558 632 „sed
599 579 728 621 miles
770 581 981 622 secundis
1022 581 1315 635 adversisque
1358 581 1547 636 perinde
1581 581 1626 622 in
1659 595 1736 623 ex-

58 689 70 700 -,
133 659 264 702 itium
312 659 479 702 ducum
526 659 907 702 accendebatur.”
957 660 1119 714 Neque
1167 660 1303 702 ullam
1347 675 1454 716 prae
1497 675 1545 702 se
1587 661 1737 703 ferunt

134 739 230 782 veri
260 740 462 795 speciem
494 741 783 782 coniecturae
816 754 987 790 eorum,
1022 741 1098 795 qui
1132 754 1215 795 pro
1233 747 1449 796 prospere
1473 747 1737 796 proponunt

133 819 418 877 improspere,
446 820 519 862 vel
546 826 651 875 post
677 834 781 863 mox
811 820 1045 874 „Vocula”
1073 826 1150 862 aut
1177 826 1284 863 ante
1299 829 1517 876 prospere
1533 823 1736 863 inserunt

138 900 442 956 ,Romanus”.
486 900 671 955 Quanto
716 901 985 956 prudentius
1020 901 1270 944 Urlichsius
1301 907 1450 944 totum
1483 903 1627 944 istud:
1665 901 1736 945 Cz'·

25 985 78 1036 f
131 981 238 1024 vilis
268 982 388 1037 capit
420 980 663 1024 Geldubam
697 983 975 1037 proscripsit.
1010 982 1084 1025 Sic
1117 983 1239 1024 enim
1266 988 1374 1037 apte
1401 988 1501 1024 tota
1527 983 1737 1038 procedit

53 1055 62 1065 ¹
111 1060 345 1111 narratio,
374 1067 421 1103 et
446 1061 693 1116 aliquando
721 1062 766 1103 in
796 1063 998 1117 margine
1027 1043 1135 1104 illud
1168 1062 1326 1105 Civilis
1351 1063 1471 1118 capit
1494 1063 1735 1105 Geldubam

133 1141 268 1184 fuisse
309 1147 578 1184 annotatum
622 1143 871 1184 admodum
914 1149 984 1184 est
1017 1143 1272 1184 verisimile.
1311 1143 1386 1185 Sic
1418 1144 1539 1184 enim
1572 1143 1737 1184 sciolus

40 1206 88 1278 ’ᾗ
133 1222 296 1277 aliquis
327 1222 556 1278 explicare
589 1229 780 1265 conatus
812 1229 894 1273 est,
928 1224 1005 1278 qui
1036 1223 1205 1265 factum
1239 1224 1297 1265 sit
1329 1229 1379 1265 ut
1408 1224 1603 1278 primum
1633 1224 1735 1266 Gel-

48 1294 54 1304 ἱ
133 1303 318 1354 dubam,
362 1303 529 1346 deinde
572 1304 851 1346 Novaesium
894 1304 1169 1346 concederet
1202 1303 1392 1346 Vocula.
1428 1303 1736 1346 Sententiolas

52 1435 65 1445 η’
131 1388 287 1426 autem
335 1384 532 1444 minutas
579 1383 702 1425 illas:
762 1385 959 1437 „Iterum
1008 1383 1163 1426 Civilis
1210 1384 1383 1425 Vetera
1431 1384 1734 1426 circumsedit.

52 1485 55 1490 f
133 1463 312 1506 Vocula
355 1464 612 1507 Geldubam
655 1470 794 1518 atque
839 1464 944 1506 inde
988 1463 1267 1505 Novaesium
1311 1465 1547 1505 concessit.
1582 1463 1736 1506 Civilis

60 1527 66 1529 .
132 1545 257 1600 capit
298 1544 586 1588 Geldubam’'
627 1545 983 1599 haudquaquam
1026 1558 1123 1585 esse
1166 1544 1383 1586 orationis
1416 1545 1631 1586 Taciteae
1664 1544 1736 1586 vel

131 1638 263 1668 aures
293 1626 559 1667 admonent.

32 1699 39 1708 ⁶
193 1705 411 1748 Eiusdem
454 1705 633 1760 generis
674 1705 1065 1755 additamentum‚>
1099 1705 1179 1747 sed
1224 1705 1457 1759 aliquanto
1500 1706 1638 1747 etiam
1671 1707 1735 1747 in—

31 1775 82 1796 ’
131 1786 295 1842 eptius,
338 1786 725 1841 deprehendimus
767 1799 804 1827 c.
846 1786 902 1840 67
945 1786 991 1827 in
1034 1786 1292 1827 narratione
1336 1786 1392 1827 de
1436 1786 1536 1827 Iulii
1579 1786 1735 1829 Sabini

39 1867 66 1877 ²
129 1865 352 1922 Lingonis
383 1866 663 1908 defectione:

195 1946 402 2000 „Interea
444 1946 582 1988 Iulius
625 1945 820 1988 Sabinus
863 1946 1077 2000 proiectis
1119 1945 1314 1987 foederis
1348 1946 1543 1988 Romani
1577 1961 1736 1988 monu-

130 2027 297 2069 mentis
329 2026 569 2069 Caesarem
603 2040 650 2068 se
683 2026 866 2068 salutari
893 2026 1021 2067 iubet
1048 2040 1352 2080 magnamque
1380 2032 1426 2068 et
1454 2027 1735 2068 inconditam

19 2105 38 2110 '⁴
78 2117 82 2120 “
130 2107 417 2163 popularium
446 2107 628 2149 turbam
655 2108 700 2149 in
729 2106 966 2161 Sequanos
995 2107 1125 2161 rapit,
1153 2107 1483 2148 conterminam
1502 2108 1735 2148 civitatem

130 2185 186 2229 et>
204 2187 336 2230 nobis
362 2187 515 2229 fidam.
550 2188 647 2229 Nec
678 2187 878 2241 Sequani
906 2188 1221 2228 detrectavere
1249 2192 1494 2228 certamen.
1531 2187 1736 2228 Fortuna

131 2266 393 2309 melioribus
434 2267 599 2309 adfuit:
645 2266 840 2309 Sabinus
881 2267 1145 2308 festinatum
1178 2273 1350 2308 temere
1384 2266 1606 2321 proelium
1639 2267 1736 2321 pari

130 2346 373 2390 formidine
405 2348 648 2390 deseruit.'’

192 2428 404 2470 Potuitne
437 2429 510 2470 vel
544 2428 796 2482 elegantius
828 2427 900 2469 vel
935 2427 1078 2481 magis
1110 2427 1349 2481 perspicue
1381 2426 1623 2481 significari
1648 2425 1735 2467 utri

131 2508 176 2549 in
211 2521 266 2550 eo
298 2501 547 2551 certamine
582 2509 786 2558 vicerint,
820 2508 908 2548 utri
940 2508 1030 2548 sint
1064 2505 1319 2561 profligati?
1357 2507 1560 2549 Fortuna
1591 2506 1736 2548 melio-

130 2589 256 2631 ribus
286 2590 454 2644 adfuz't.
490 2589 655 2630 Nonne
689 2588 870 2643 egregie
902 2587 1171 2641 scriptorem
1205 2587 1463 2628 Romanum
1498 2587 1631 2628 decet
1659 2585 1736 2627 illo

131 2669 386 2711 melioribus
427 2683 505 2711 eos
549 2669 801 2723 designare,
840 2668 917 2721 qui
955 2681 982 2708 a
1021 2666 1225 2720 partibus
1263 2667 1472 2707 steterint
1506 2667 1736 2708 Romano-

130 2762 244 2798 rum,
277 2754 416 2803 atque
448 2749 512 2790 sic
545 2748 645 2790 illos
673 2754 831 2789 notare
859 2746 1044 2787 infamia
1071 2747 1147 2799 qui
1182 2746 1320 2787 fidem
1354 2745 1736 2788 detrectaverint?

132 2829 297 2871 Nonne
339 2843 476 2871 omne
519 2829 742 2870 enuntiati
786 2841 977 2869 acumen
1010 2832 1148 2880 atque
1182 2827 1329 2868 omnis
1356 2832 1570 2868 venustas
1603 2827 1735 2881 perit,

130 2909 166 2950 si
209 2915 445 2963 praeterea
489 2909 560 2950 vel
604 2909 801 2950 victores
844 2907 916 2948 vel
963 2906 1071 2947 victi
1114 2920 1190 2947 suo
1232 2907 1402 2948 nomine
1450 2904 1737 2948 indicantur?

131 2988 232 3030 Iure
260 3002 367 3042 ergo
395 2994 551 3030 nostro
584 2990 895 3042 importunum
930 2978 1388 3039 interpretamentum
1396 2988 1504 3042 susi
1519 2987 1738 3041 Lingones

1502 3066 1543 3098 16
