2040 3412
1081 288 1141 328 44

315 396 405 437 fide
437 401 546 437 ante
576 395 827 438 Germanos
858 410 955 438 esse
988 396 1259 447 exclamant,
1288 397 1691 452 digrediunturque
1718 403 1766 440 et
1791 399 1910 449 inter

315 482 467 531 patres
500 477 755 518 considunt.
1954 528 1962 534 ⁷,

374 554 465 596 Sed
509 560 744 608 praeterea
783 555 961 609 quoties
994 556 1038 597 in
1072 569 1167 597 rem
1201 556 1374 605 incidit,
1407 569 1524 610 quae
1556 569 1659 597 cum
1692 556 1780 599 risu
1813 570 1913 600 nar·

313 634 400 675 rari
434 634 575 687 possit
609 634 879 688 debeatque,
912 649 1088 677 summa
1119 649 1220 677 eam
1249 635 1420 690 profert
1448 636 1685 690 gravitate,
1713 636 1776 678 sic
1802 650 1914 680 non-

317 727 548 768 nunquam
590 713 708 755 ultro
750 714 955 756 indicans
986 729 1033 757 se
1066 716 1129 756 rei
1163 716 1387 757 rationem
1421 729 1580 769 parum
1613 716 1912 771 perspexisse,
1975 745 1976 748 =

317 793 545 848 Exemplo
579 807 675 835 esse
708 800 860 849 potest
891 796 1014 849 quod
1047 796 1075 836 1.
1111 795 1177 836 XI
1210 809 1247 836 c.
1284 806 1340 837 20
1374 795 1560 849 legitur:
1967 853 1970 856 ἦ

375 873 473 914 Nec
516 873 660 915 multo
702 880 806 928 post
848 874 1027 917 Curtius
1071 874 1214 933 Rufus
1253 875 1450 916 eundem
1484 874 1705 916 honorem
1738 875 1814 930 (sc.
1849 875 1927 922 in·

315 953 459 1007 signia
500 954 734 1008 triumphi)
772 955 1050 1009 adipiscitur,
1084 955 1160 1008 qui
1195 955 1240 995 in
1273 968 1382 1008 agro
1417 954 1638 995 Mattiaco
1670 953 1914 998 recluserat

315 1046 477 1094 specus
519 1034 789 1087 quaerendis
827 1034 952 1075 venis
983 1034 1180 1087 argenti;
1216 1033 1336 1074 unde
1369 1033 1518 1074 tenuis
1550 1032 1720 1075 fructus
1751 1047 1836 1076 nec
1867 1034 1914 1077 in

315 1112 501 1166 longum
542 1111 638 1162 fuit,
672 1118 718 1153 at
749 1112 1003 1167 legionibus
1036 1126 1138 1154 cum
1172 1113 1340 1154 damno
1373 1112 1514 1162 labor,
1548 1112 1747 1154 effodere
1775 1112 1913 1162 rivos,
1964 1095 1993 1162 ῃἸ

318 1205 525 1245 quaeque
560 1192 604 1232 in
638 1197 797 1246 aperto
824 1192 991 1247 gravia,
1020 1191 1207 1234 humum
1236 1191 1350 1232 infra
1376 1191 1537 1233 moliri.
1565 1190 1677 1246 Quis
1702 1191 1917 1234 subactus
1985 1199 2001 1230 LI

320 1270 460 1320 miles,
509 1277 554 1312 et
603 1271 709 1325 quia
755 1271 906 1326 plures
953 1285 1034 1325 per
1080 1271 1336 1326 provincias
1383 1270 1545 1312 similia
1590 1271 1918 1322 tolerabantur,
1990 1263 1994 1314 ζ

320 1351 556 1405 componit
610 1351 810 1392 occultas
857 1351 1010 1392 literas
1059 1352 1242 1393 nomine
1290 1351 1584 1401 exercituum,
1633 1351 1933 1406 precantium.

319 1432 655 1485 imperatorem,
699 1436 748 1472 ut
789 1431 953 1485 quibus
995 1431 1291 1486 permissurus
1333 1435 1453 1472 esset
1491 1431 1729 1481 exercitus,
1761 1430 1919 1473 trium-

319 1509 471 1564 phalia
502 1515 609 1551 ante
641 1510 874 1551 tribueret.
1109 1566 1115 1572 ·
1974 1563 1996 1570 η

381 1589 671 1644 Perspicuum
690 1590 832 1644 magis
852 1595 919 1631 est
933 1590 1057 1644 quod
1071 1589 1235 1644 legitur
1246 1591 1368 1645 apud
1383 1589 1652 1633 Suetonium
1665 1582 1823 1633 Claud.
1838 1600 1916 1644 24:
1983 1574 1989 1635 ⁴j

379 1669 705 1723 (Triumphalia
737 1675 1006 1710 ornamenta
1035 1675 1130 1711 tam
1163 1652 1291 1711 facile
1325 1669 1468 1724 dedit)
1499 1675 1547 1711 ut
1575 1669 1768 1725 epistola
1793 1683 1917 1711 com·
1992 1650 2002 1668 ζ’.

320 1749 444 1790 muni
486 1749 716 1803 legionum
759 1750 942 1791 nomine
979 1751 1203 1792 exstiterit
1236 1751 1504 1805 petentium,
1537 1755 1586 1792 ut
1617 1750 1778 1805 legatis
1809 1763 1916 1792 con-

318 1829 538 1871 sularibus
569 1829 701 1871 simul
733 1844 835 1871 cum
869 1831 1071 1871 exercitu
1100 1836 1146 1872 et
1171 1829 1462 1885 triumphalia
1489 1831 1704 1872 darentur
1732 1843 1789 1872 ne
1813 1842 1918 1872 cau-

318 1923 415 1950 sam
447 1909 553 1951 belli
588 1923 773 1963 quoquo
807 1910 945 1951 modo
979 1915 1264 1964 quaererent.
1686 1894 1689 1897 Ι

379 1988 469 2031 Sed
512 1989 647 2030 risum
682 1995 871 2043 uterque
906 1995 1060 2031 movet
1095 1990 1237 2043 magis
1269 2003 1406 2043 quam
1439 1989 1515 2043 qui
1547 2002 1747 2043 unquam
1779 1989 1918 2031 risum

319 2068 534 2122 captavit,
579 2069 686 2110 dum
722 2074 956 2123 tamquam
988 2069 1158 2110 factum
1193 2068 1486 2110 memorabile
1518 2067 1653 2110 refert
1685 2067 1917 2111 scurrilem
1992 2068 1995 2070 ’

320 2148 693 2202 petulantemque
738 2148 930 2190 militum
963 2150 1127 2190 iocum.
1161 2148 1279 2189 Nam
1311 2149 1436 2189 iocus
1467 2147 1542 2189 ille
1574 2148 1671 2198 fuit,
1705 2147 1919 2203 paucissi·
1993 2153 2011 2191 ἰ

319 2241 496 2268 morum
524 2228 711 2269 sortasse
741 2228 946 2277 militum,
975 2228 1095 2270 haud
1124 2228 1351 2269 dissimilis
1377 2227 1439 2269 illi
1467 2242 1559 2281 quo
1589 2233 1750 2282 postea
1765 2227 1919 2271 Traia·

320 2321 428 2348 num
455 2307 651 2349 ludibrio
680 2308 935 2349 habuerunt
962 2314 1114 2362 patres
1132 2308 1389 2362 conscripti.
1409 2308 1527 2349 Nam
1546 2321 1648 2349 cum
1666 2308 1919 2350 identidem
1983 2300 1991 2321 ”

319 2384 471 2427 literas
502 2386 725 2427 laureatas
757 2401 783 2428 a
815 2388 1020 2441 principe
1047 2388 1320 2441 acciperent,
1350 2400 1497 2440 neque
1524 2386 1818 2442 pronuntiare
1845 2385 1918 2429 vel
2004 2386 2016 2429 J

321 2467 540 2507 memoria
580 2467 774 2507 retinere
817 2472 1002 2521 possent
1045 2467 1237 2508 barbara
1279 2467 1464 2507 nomina
1494 2467 1714 2520 gentium,
1746 2479 1859 2520 quas
1889 2479 1917 2508 a

320 2559 367 2586 se
411 2546 614 2587 devictas
645 2546 718 2587 ille
751 2546 1002 2596 nuntiabat,
1038 2545 1477 2587 senatusconsultum
1502 2545 1679 2587 >factum
1711 2550 1803 2586 est:
1842 2550 1919 2598 „ut

322 2624 541 2665 Traianus
573 2625 630 2666 de
663 2631 775 2678 quot
807 2625 1062 2679 quibusque
1094 2625 1191 2678 ipse
1219 2623 1355 2665 vellet
1383 2623 1562 2678 populis
1588 2621 1918 2678 triumpharet'’

324 2704 430 2755 (Dio
464 2704 512 2745 C.
548 2705 619 2754 68,
656 2705 741 2759 29).

382 2783 511 2823 Idem
545 2784 836 2824 statuendum
870 2784 1048 2825 videtur
1081 2784 1138 2824 de
1171 2783 1272 2824 loco
1307 2782 1365 2824 H.
1399 2783 1456 2832 ΙΙ,
1491 2795 1572 2837 91:

387 2862 642 2914 „Veniebat
676 2863 721 2903 in
753 2868 959 2903 senatum
992 2862 1250 2916 (Vitellius),
1283 2863 1420 2903 etiam
1454 2876 1557 2904 cum
1590 2862 1740 2917 parvis
1766 2861 1824 2902 de
1851 2874 1919 2902 re·
1994 2842 2025 2882 ³3²

325 2940 408 2980 bus
441 2946 591 2994 patres
624 2942 984 2989 consulerentur;
1018 2955 1070 2983 ac
1103 2941 1218 2983 forte
1254 2941 1426 2983 Priscus
1454 2942 1706 2992 Helvidius,
1735 2946 1919 2996 praetor
