2040 3412
885 291 963 334 113

119 408 203 455 pro·
229 397 304 440 illa
330 411 470 453 opera
496 412 522 440 a
549 399 787 441 servilibus
810 400 1096 442 senatoribus
1117 409 1296 443 summo
1318 402 1511 443 afficitur
1534 402 1728 444 honore.¹

40 465 316 535 Ξζ’·’ὃιιῑκτι-ῑεε
359 478 613 520 incredibili
656 480 902 522 narrationi
941 480 1058 522 hanc
1092 482 1331 523 veritatem
1365 483 1582 537 suspicor.
1618 482 1722 524 Non

118 559 375 606 exercendae
413 558 590 600 libidini
622 560 1066 602 senatusconsultum
1100 561 1400 604 Claudianum
1432 563 1726 612 inserviebat,

117 638 199 688 sed
233 638 531 681 dirimebatur
562 653 618 680 eo
651 641 962 682 controversia
995 642 1221 695 quaedam
1254 643 1434 697 saepius
1467 644 1583 684 inter
1617 644 1723 685 doc-

27 700 73 738 ·‡‘
117 723 191 762 tos
213 719 404 774 ,agitata
441 719 805 763 iurisconsultos:
846 734 997 762 nonne
1030 721 1117 763 hoc
1151 721 1233 763 fuit
1267 723 1500 777 negotium
1535 724 1723 777 dignum

30 810 54 861 Δ.)
119 795 310 843 Claudio
343 804 512 849 nostro,
547 800 685 841 docto
719 801 976 854 antiquario
1010 806 1055 842 et
1089 801 1310 843 eiusmodi
1339 803 1724 858 disceptationum

119 878 458 924 amantissimo?
498 880 633 922 Certe
666 881 723 921 de
757 879 953 922 Senatus
986 881 1193 923 consulto
1228 882 1478 924 Claudiano
1511 883 1725 924 iuriscon-

34 946 51 1006 ,Α
119 959 223 1004 sulti
267 966 428 1016 postea
467 961 800 1016 spinosissimas
843 961 1129 1016 protulerunt
1171 963 1369 1016 argutias
1381 981 1390 1014 ;
1435 969 1482 1004 at
1522 969 1724 1005 senatus-

25 1036 49 1083 2²
95 1040 391 1091 consultum,
434 1042 564 1096 'quod
612 1041 674 1082 illi
719 1043 1072 1084 commentariis·
1101 1043 1339 1094 illustrant,
1384 1045 1441 1085 ad
1483 1044 1724 1087 liberorum

31 1178 34 1179 ⁷
119 1121 319 1178 pertinet
346 1126 529 1172 statum,
557 1135 615 1163 ex
644 1122 865 1163 eiusmodi
895 1123 1292 1165 coniunctionibus
1315 1130 1538 1166 natorum.
1563 1126 1725 1180 Neque

26 1182 48 1252 ’χ
119 1200 289 1247 sactum
317 1202 427 1245 illud
455 1203 512 1244 ad
542 1203 848 1244 cohibendam
877 1203 1076 1257 aliquam
1104 1204 1355 1255 libidinem,
1384 1219 1501 1259 quae
1524 1206 1725 1260 alioquin

87 1276 89 1283 ’
118 1283 299 1339 saepius
340 1289 460 1326 esset
501 1289 730 1338 eruptura,
775 1285 903 1325 testis
941 1290 1015 1325 est,
1045 1285 1332 1335 Iustinianus,
1365 1287 1456 1340 qui,
1490 1292 1726 1341 tamquam

23 1402 31 1409 ,
59 1368 63 1372 “
118 1375 217 1406 rem
243 1377 425 1420 prorsus
452 1363 659 1406 inutilem
688 1370 734 1405 et
755 1364 1000 1406 absurdam
1023 1364 1156 1419 plane
1175 1366 1367 1407 sustulit.
1386 1366 1544 1420 Atque
1562 1367 1726 1408 eodem

122 1444 262 1487 m'odo
301 1458 393 1499 quo
436 1444 623 1486 Tacitus
665 1443 910 1486 Suetonius
950 1459 1133 1499 quoque
1167 1451 1342 1500 peccat,
1377 1447 1517 1488 immo
1549 1447 1730 1501 gravior

41 1566 49 1570 ,γ
120 1525 273 1576 etiam,
301 1525 344 1567 si'
365 1524 460 1567 fieri
489 1530 657 1580 potest,
685 1524 802 1566 illius
829 1539 953 1566 error
980 1531 1062 1567 est.
1087 1525 1130 1567 Is
1154 1526 1273 1567 enim
1298 1526 1344 1567 et
1362 1532 1509 1567 totum
1528 1533 1730 1568 senatus-

30 1586 32 1589 V
120 1604 377 1654 consultum
419 1605 981 1660 Vespasian0··adscribit,
1026 1606 1071 1647 et
1116 1606 1173 1647 de
1216 1606 1293 1647 illo
1337 1606 1454 1648 hanc
1495 1607 1729 1662 profundit

20 1742 24 1746 ἱ
120 1686 392 1742 sapientiam
433 1685 786 1741 ludimagistello
830 1687 1015 1741 dignam
1058 1688 1200 1742 magis
1233 1701 1370 1742 quam
1403 1688 1619 1730 historico
1653 1689 1729 1743 qui

19 1759 88 1823 {12
111 1765 289 1813 adultis
315 1766 496 1813 scribit
530 1768 583 1822 (c.
634 1767 725 1822 11):
769 1767 951 1821 „lubido
984 1773 1123 1822 atque
1157 1768 1334 1810 luxuria
1367 1778 1581 1812 coercente
1612 1770 1730 1811 nullo

38 1831 39 1834 ¹
121 1846 390 1897 invaluerat,
423 1852 583 1889 auctor
614 1848 791 1889 senatui
825 1848 908 1890 fuit
941 1848 1232 1899 decernendi,
1268 1855 1317 1890 ut
1350 1863 1467 1903 quae
1500 1863 1547 1891 se
1582 1850 1729 1891 alieno

121 1941 254 1970 servo
285 1928 504 1970 iunxisset
536 1928 699 1970 ancilla
731 1928 1018 1970 haberetur”!
1053 1929 1176 1984 Ergo
1210 1935 1451 1985 tantopere
1485 1931 1560 1972 illa
1587 1931 1730 1972 libido

27 1999 50 2070 '-
122 2007 374 2050 invaluerat
421 2014 468 2050 et
506 2008 728 2063 'frequens
775 2009 895 2050 facta
942 2015 1052 2059 erat,
1097 2016 1147 2051 ut
1190 2024 1245 2051 ne
1289 2016 1387 2052 tota
1431 2011 1590 2052 civitas
1633 2026 1732 2066 per-

124 2089 345 2131 mixtione
378 2089 609 2143 sanguinis
642 2095 1021 2144 corrumperetur,
1051 2095 1188 2144 atque
1218 2091 1334 2132 adeo
1363 2092 1732 2145 pessumdaretur

125 2175 328 2213 metuere
353 2170 607 2225 inciperent
633 2183 793 2224 graves
819 2169 880 2211 illi
903 2176 1137 2212 senatores
1155 2171 1391 2213 Claudiani
1411 2171 1481 2212 vel
1502 2171 1732 2213 Flaviani!

130 2279 132 2282 ,
183 2249 242 2291 Α.
276 2249 381 2300 XII,
414 2250 473 2292 60
510 2251 923 2305 „(Procuratoribus
955 2251 1061 2306 suis)
1094 2251 1308 2293 Claudius
1337 2266 1471 2293 omne
1501 2253 1567 2293 ius
1595 2253 1732 2294 tradi-

125 2329 206 2390 dit,
241 2330 298 2372 de
330 2344 422 2385 quo
457 2331 626 2373 totiens
657 2332 883 2373 seditione
916 2337 994 2373 aut
1028 2333 1163 2373 armis
1194 2337 1431 2381 certatum,
1468 2346 1570 2373 cum
1604 2331 1729 2374 Sem-

125 2410 296 2466 proniis
327 2411 641 2465 rogationibus
674 2417 884 2466 equester
917 2412 1030 2453 ordo
1064 2413 1108 2453 in
1142 2412 1428 2466 possessione
1461 2412 1729 2453 iudiciorum

123 2489 363 2541 locaretur,
391 2497 469 2532 aut
497 2505 671 2533 rursum
701 2491 918 2534 Serviliae
940 2492 1064 2546 leges
1085 2492 1261 2533 senatui
1285 2493 1451 2534 iudicia
1474 2492 1732 2544 redderent,

129 2570 397 2627 Mariusque,
421 2578 466 2613 et
501 2571 625 2614 Sulla
656 2572 764 2613 olim
799 2573 856 2614 de
890 2586 944 2614 eo
979 2572 1050 2614 vel
1085 2573 1327 2627 praecipue
1362 2572 1630 2614 bellarent”.
1725 2554 1728 2557 v

131 2686 140 2690 -
187 2651 294 2693 Post
335 2652 572 2694 redderent
614 2653 938 2707 Nipperdeyus
982 2653 1024 2693 in
1070 2658 1260 2707 utraque
1305 2654 1507 2695 editione
1544 2653 1733 2695 lacunae

127 2732 278 2786 posuit
319 2732 511 2786 signum.
557 2732 660 2786 Quo
701 2739 984 2787 argumento,
1030 2731 1189 2787 putas?
1234 2732 1368 2787 Quod
1403 2734 1520 2775 duae
1553 2734 1733 2776 fuerunt

125 2810 249 2866 leges
283 2811 513 2872 Serviliae,
548 2813 791 2867 Caepionis
823 2813 978 2862 altera,
1012 2813 1154 2854 altera
1183 2812 1410 2863 Glauciae,
1440 2814 1630 2868 quarum
1661 2814 1734 2856 illa

126 2893 412 2938 senatoribus
449 2894 661 2943 reddidit,
697 2893 809 2934 haec
844 2894 1005 2934 iterum
1038 2894 1211 2935 ademit
1245 2894 1423 2935 iudicia.
1458 2894 1591 2936 Putat
1625 2909 1733 2949 ergo

129 2973 451 3029 Nipperdeyus
490 2973 701 3014 Tacitum
742 2974 972 3028 scripsisse
1018 3005 1053 3026 „.
1080 3005 1089 3014 .
1114 3006 1122 3014 .
1149 3005 1158 3014 .
1193 2973 1356 3014 iudicia
1391 2974 1634 3016 redderent
1666 2976 1738 3017 v'el

1521 3054 1542 3087 8
