2040 3412
937 951 1026 1001 X.'

222 1107 319 1150 Iam
351 1109 396 1151 in
431 1111 725 1164 praecedenti
758 1112 909 1166 capite
937 1126 1076 1153 unum
1105 1119 1151 1154 et
1178 1113 1370 1155 alterum
1398 1114 1591 1155 tractavi
1618 1113 1768 1155 locum

160 1187 236 1243 (A.
277 1189 360 1240 IV,
399 1191 481 1242 48;
523 1190 581 1231 H.
626 1191 706 1241 III,
742 1202 794 1245 23
831 1197 877 1233 et
911 1193 997 1246 25),
1042 1193 1118 1234 ubi
1162 1195 1220 1236 ad
1263 1194 1566 1235 obtinendum
1609 1208 1767 1236 sanum

157 1282 355 1319 sensum,
397 1271 475 1324 qui
515 1270 689 1313 latebat
733 1272 886 1322 etiam,
929 1273 1037 1314 satis
1082 1279 1179 1315 erat
1221 1274 1309 1316 alia
1352 1275 1416 1316 uti
1460 1275 1767 1316 distinctione.

159 1348 293 1391 Nunc
325 1350 554 1406 paulisper
585 1352 631 1392 in
664 1352 828 1393 eodem
861 1366 1028 1406 genere
1057 1354 1316 1404 subsistam,
1344 1360 1390 1396 et
1417 1356 1769 1409 transponendis

158 1429 344 1485 virgulis
374 1430 530 1473 aliisve
563 1433 933 1474 distinctionibus
965 1433 1113 1475 lucem
1141 1434 1300 1475 afferre
1329 1435 1531 1476 conabor
1559 1435 1669 1476 locis
1698 1435 1768 1477 vel

160 1509 365 1553 obscuris
393 1511 465 1553 vel
493 1526 625 1554 sensu
653 1514 812 1564 cassis;
843 1513 1111 1568 plerumque
1138 1520 1292 1556 tamen
1318 1515 1408 1556 leni
1435 1515 1519 1556 hac
1543 1516 1770 1557 medicina

161 1603 253 1639 non
294 1592 445 1646 gravis
487 1592 649 1647 aliquis
690 1593 876 1635 tolletur
917 1594 1114 1644 morbus,
1149 1596 1228 1636 sed
1261 1595 1476 1637 Taciteus
1509 1597 1770 1638 restituetur

159 1669 286 1713 color
317 1671 567 1726 solitusque
600 1673 817 1715 Taciteae
849 1674 975 1716 vocis
1008 1688 1157 1718 sonus.

217 1751 342 1794 Ann.
375 1753 457 1803 XI,
497 1763 562 1807 15.
597 1753 811 1808 Queritur
844 1755 1059 1797 Claudius
1091 1757 1215 1810 quod
1247 1756 1501 1810 negligatur
1534 1771 1604 1798 ars
1638 1757 1767 1799 haru-

147 1833 346 1888 spicina,
380 1847 498 1888 quae
529 1847 666 1889 saepe
700 1835 979 1889 reipublicae
1012 1841 1255 1890 tantopere
1284 1836 1525 1891 profuerit;

222 1913 309 1967 „Et
340 1913 460 1956 laeta
492 1915 679 1969 quidem
707 1916 751 1956 in
781 1930 996 1970 praesens
1024 1917 1190 1966 omnia,
1220 1918 1300 1958 sed
1330 1917 1602 1971 benignitati
1631 1920 1766 1960 deum

156 1995 350 2048 gratiam
392 1994 692 2045 referendam,
736 2010 792 2037 ne
834 1997 947 2038 ritus
986 2011 1216 2038 sacrorum
1258 1998 1376 2039 inter
1412 1999 1626 2053 ambigua
1659 2000 1767 2040 culti

159 2087 240 2129 per
273 2072 492 2129 prospera
523 2075 940 2118 oblitterarentur”.

218 2154 502 2198 structuram
543 2157 786 2198 verborum
825 2157 1076 2198 admodum
1111 2158 1380 2212 impeditam
1413 2160 1476 2200 sic
1509 2160 1766 2213 supplendo

157 2235 357 2290 explicat
386 2236 718 2291 Nipperdeius:
753 2237 970 2291 „gratiam
999 2237 1282 2278 referendam
1312 2238 1639 2292 (impediendo)
1666 2238 1766 2281 ne'’.

159 2315 251 2359 Sed
284 2317 385 2371 quis
417 2331 621 2372 unquam
654 2318 877 2360 eiusmodi
910 2317 1081 2372 aliquid
1116 2318 1287 2359 omittit
1321 2324 1366 2359 et
1393 2319 1588 2360 acumini
1616 2319 1767 2373 legen-

157 2397 272 2439 tium
325 2398 652 2440 inveniendum
704 2397 949 2452 relinquit?
998 2397 1118 2452 Quid
1168 2399 1291 2451 quod
1341 2413 1397 2439 ne
1445 2400 1766 2453 supplemento

158 2478 346 2532 quidem
379 2478 456 2519 illo
490 2479 688 2520 nascitur
720 2478 890 2532 aliquid
925 2478 1049 2532 quod
1077 2490 1257 2518 sensum
1287 2478 1506 2532 praebeat
1532 2479 1636 2521 huic
1664 2464 1792 2521 locor

159 2557 390 2600 idoneum.
440 2557 514 2601 Sic
563 2559 683 2600 enim
733 2558 842 2600 illud
893 2558 1241 2599 ratiocinantem
1284 2559 1458 2600 inducit
1503 2559 1766 2602 Claudium:

162 2652 307 2692 „nunc
341 2639 527 2693 quidem
560 2639 680 2681 laeta
712 2645 818 2680 sunt
851 2639 1004 2679 omnia
1037 2638 1137 2692 (nec
1171 2637 1460 2692 haruspicina
1493 2640 1626 2681 nobis
1655 2654 1770 2695 opus

157 2697 267 2774 est),
289 2720 369 2761 sed
396 2720 482 2761 diis
513 2721 681 2774 gratias
713 2719 960 2760 referamus
993 2718 1200 2759 cavendo
1235 2732 1291 2759 ne
1321 2719 1608 2774 haruspicina
1635 2721 1769 2762 oblit-
1815 2780 1819 2782 Π

157 2799 373 2841 teretur”.
411 2800 558 2841 Multo
590 2801 770 2848 rectius,
807 2804 855 2840 ut
888 2798 1065 2852 opinor,
1099 2798 1186 2839 hoc
1214 2798 1354 2840 foret:
1388 2801 1620 2853 „quoniam
1649 2815 1769 2843 nunc

159 2879 443 2935 benignitate
487 2881 677 2922 deorum
721 2879 1009 2933 haruspicina
1051 2878 1182 2919 nobis
1226 2893 1340 2933 opus
1386 2894 1476 2921 non
1521 2887 1604 2931 est,
1648 2890 1771 2924 tanto

158 2961 304 3015 magis
345 2973 541 3014 aequum
582 2965 651 3001 est
692 2973 774 3000 nos
811 2958 979 3013 gratias
1011 2957 1064 2998 iis
1097 2957 1262 2999 referre
1297 2961 1504 3001 cavendo
1541 2975 1579 3001 e.
1613 2975 1656 3015 q.
1691 2962 1769 3002 s.’'.
