2040 3412
889 307 962 338 121

121 407 307 473 gissent,
341 406 500 470 reliqui
534 416 710 457 omissis
730 407 871 471 'pagis
899 417 1101 471 vicisque
1129 412 1173 459 in
1201 417 1337 459 silvas
1365 415 1728 472 disperguntur”.

121 522 138 527 ·-
183 497 287 553 Quo
333 497 494 539 ordine
542 496 654 539 haec
702 487 856 539 omnia
897 504 1026 552 gesta
1068 499 1157 539 sint
1200 512 1224 539 e
1267 498 1414 539 Taciti
1459 498 1610 539 verbis
1652 496 1729 538 vix

120 579 302 628 efficias,
337 578 433 633 ipse
467 578 512 619 id
542 583 763 632 exputare
792 578 955 628 debes;
986 579 1108 632 quod
1139 579 1214 620 ubi
1242 578 1400 628 fecisti,
1430 592 1500 619 res
1527 577 1610 619 tibi
1639 582 1728 619 stat

115 665 229 702 -ante
271 658 427 700 oculos
469 657 590 699 clara
634 659 766 699 nimis
810 663 948 712 atque
992 647 1250 713 perspicua:
1297 672 1387 700 non
1431 659 1498 699 de·
1531 658 1729 712 antiquis

123 739 343 783 Romanis
384 738 496 781 haec
541 739 708 780 narrari
753 739 836 780 tibi
881 740 1093 781 videntur
1134 740 1214 781 sed
1256 740 1312 781 de
1347 739 1432 781 illis
1466 739 1730 794 aequalibus

123 821 301 870 nostris,
349 820 428 875 qui
473 819 692 861 Romanis
735 833 782 860 se
825 819 993 860 similes
1036 833 1258 874 paresque
1301 820 1550 874 gloriantur
1591 825 1728 873 atque

121 891 219 944 dira
259 906 382 943 certe
415 905 461 941 et
494 899 680 941 immani
715 899 985 941 crudelitate
1024 900 1156 954 (quae
1190 900 1273 941 nisi
1307 901 1351 941 in
1385 886 1727 949 abiectissimos,

121 981 426 1038 pravissimos,
465 975 797 1035 ignavissimos
829 980 1036 1022 homines
1069 982 1232 1022 cadere
1254 970 1357 1022 'non
1390 980 1524 1035 solet)
1560 981 1726 1022 Roma·

66 1053 70 1057 ⁸
122 1051 539 1117 norum'pessimos
575 1075 789 1116 superare
820 1061 981 1102 solent.
1017 1054 1068 1102 In
1101 1067 1267 1103 terram
1303 1061 1501 1102 hostium
1531 1061 1727 1102 Romani

119 1143 384 1192 adveniunt,
413 1143 493 1184 sed
522 1143 598 1196 qui
627 1141 896 1184 Chattorum
924 1142 1060 1183 armis
1087 1143 1297 1196 gerendis
1325 1156 1456 1196 pares
1479 1130 1584 1182 sunt
1605 1147 1730 1183 trans

121 1223 289 1265 flumen
332 1236 379 1264 se
423 1221 692 1277 rece'perunt
734 1222 780 1268 in
818 1222 943 1263 locos
976 1222 1060 1263 sibi
1095 1228 1242 1276 aptos.
1277 1222 1384 1263 Irati
1420 1222 1615 1263 Romani
1648 1222 1728 1262 im·

116 1294 327 1354 bellibus,
370 1303 567 1353 senibus,
611 1303 787 1353 sauciis,
831 1304 990 1357 aegris,
1035 1304 1113 1344 sed
1154 1303 1332 1344 feminis
1365 1303 1631 1358 praesertim
1665 1303 1730 1344 in-

121 1382 410 1438 fantibusque
440 1384 657 1446 necandis
685 1397 803 1437 quae
833 1396 913 1424 sua
940 1383 997 1424 sit
1022 1384 1162 1424 virtus
1185 1389 1431 1424 ostentant.
1457 1384 1568 1424 Inde
1588 1389 1728 1438 ponte

119 1465 327 1507 traiicere
370 1463 537 1506 flumen
576 1470 758 1505 tentant
791 1464 1009 1507 Romani:
1046 1455 1121 1506 diu
1156 1464 1208 1506 iis
1240 1465 1467 1505 obsistunt
1501 1464 1729 1514 Germani,

122 1559 207 1601 pro
249 1546 337 1587 aris
379 1545 581 1599 focisque
625 1550 896 1599 pugnantes.
942 1543 1030 1598 Qui
1065 1545 1141 1585 ubi
1176 1544 1412 1598 multiplici
1446 1544 1728 1598 praedonum

123 1640 312 1668 numero
340 1626 504 1667 cedere
532 1631 767 1680 coguntur,
799 1626 924 1679 pacis
952 1624 1147 1666 offerunt
1175 1624 1475 1674 conditiones,
1506 1638 1617 1678 quas
1639 1624 1733 1678 lupi

121 1707 195 1748 isti
234 1707 320 1748 toti
354 1707 552 1761 praedae
586 1706 813 1747 inhiantes
847 1694 1021 1760 (au-rum
1048 1705 1175 1746 renim
1210 1705 1356 1746 celare
1388 1704 1464 1746 illa
1496 1704 1731 1746 dicebatur

100 1778 245 1830 —terra'
284 1787 340 1829 cf.
385 1787 466 1838 XI,
510 1787 581 1842 20)
625 1792 858 1842 respuunt.
899 1787 1032 1827 Nunc
1071 1786 1283 1840 „quidam
1316 1786 1373 1827 ad
1409 1785 1729 1827 Germanicum

118 1866 409 1923 perfugiunt”
442 1868 469 1909 i.
499 1881 552 1917 e.‚
583 1873 631 1909 ut
658 1881 744 1921 ego
774 1867 950 1921 opinor,
979 1880 1095 1907 unus
1123 1872 1168 1907 et
1196 1866 1310 1907 alter
1339 1880 1362 1907 e
1391 1866 1554 1920 regulis
1582 1867 1729 1920 pretio

115 1954 254 2004 atque
289 1949 520 2003 promissis
553 1948 730 2003 capitur
764 1949 827 1989 ita
860 1953 910 1989 ut
943 1961 1108 2002 magna
1143 1961 1246 2001 pars
1279 1946 1435 2001 populi
1464 1947 1508 1987 in
1535 1947 1727 1987 deditio—

116 2036 221 2071 nem
249 2029 426 2070 venisse
454 2029 676 2075 videatur.
707 2028 773 2069 At
803 2027 976 2082 reliqui,
1007 2028 1033 2068 i.
1054 2042 1091 2068 e.
1122 2028 1205 2081 ipsi
1235 2027 1310 2076 illi,
1335 2027 1411 2081 qui
1436 2040 1543 2081 prae
1567 2027 1728 2067 ceteris

115 2110 286 2151 strenui
329 2115 434 2151 sunt
478 2109 735 2159 bellatores,
782 2123 901 2150 nunc
941 2108 1016 2149 illa
1051 2113 1238 2151 utuntur
1271 2107 1502 2162 pugnandi
1537 2107 1725 2156 ratione,

118 2203 236 2244 quae
280 2189 583 2231 funestissima
626 2204 723 2231 esse
766 2189 882 2231 solet
920 2189 1168 2230 alienarum
1201 2195 1420 2229 terrarum
1455 2189 1725 2242 raptoribus.

119 2269 171 2311 In
201 2269 513 2312 Romanorum
541 2271 769 2311 dicionem
799 2270 1068 2312 Chattorum
1097 2270 1221 2323 regio
1248 2269 1456 2323 pervenit
1479 2282 1723 2322 nunquam.

183 2349 238 2391 A.
273 2351 306 2400 I,
345 2361 531 2406 57-59,
570 2350 699 2405 Quae
739 2351 811 2392 hic
845 2356 1082 2391 narrantur
1114 2364 1270 2391 revera
1305 2349 1392 2390 alio
1427 2350 1564 2390 modo
1597 2355 1725 2403 gesta

117 2444 215 2472 esse
249 2431 294 2473 et
327 2445 398 2473 res
430 2432 528 2486 ipsa
561 2432 727 2475 clamat
763 2432 976 2486 (narratio
1010 2431 1129 2471 enim
1164 2430 1385 2471 eiusmodi
1415 2435 1483 2470 est
1512 2435 1559 2470 ut
1587 2443 1723 2470 nemo

116 2511 157 2552 ei
191 2511 328 2553 fidem
361 2512 532 2553 habere
566 2512 723 2566 possit)
754 2512 799 2553 e‘t
827 2512 1051 2566 quaedam
1082 2510 1316 2559 vocabula,
1348 2510 1511 2563 quibus
1538 2509 1722 2550 Tacitus

114 2592 269 2642 utitur,
318 2593 535 2634 indicant.
581 2592 890 2640 Germanicus,
935 2591 993 2632 ab
1036 2590 1110 2632 illa
1153 2591 1197 2630 in
1241 2590 1510 2631 Chattorum
1554 2595 1720 2631 terram

113 2673 408 2727 expeditione
442 2679 590 2715 castra
621 2687 701 2714 sua
734 2678 946 2727 repetens
978 2672 1030 2726 (c.
1070 2671 1124 2724 56
1162 2671 1322 2723 „vertit
1354 2671 1411 2712 ad
1447 2670 1719 2724 Rhenum”),

113 2753 265 2794 medio
307 2754 467 2795 itinere
511 2768 557 2795 se
600 2754 826 2795 convertit
871 2754 1013 2809 (0257
1064 2750 1361 2804 „Germanico
1405 2751 1600 2805 pretium
1635 2751 1718 2792 fuit

115 2839 383 2875 convertere
426 2833 638 2889 agmen”)
683 2840 731 2875 ut
775 2833 1012 2887 Segestem
1045 2832 1221 2880 liberet,
1257 2831 1332 2885 qui
1366 2845 1391 2872 a
1426 2831 1720 2886 popularibus

116 2904 482 2964 circumsedetur‚
513 2915 634 2969 apud
664 2927 778 2968 quos
801 2913 1035 2954 Arminius
1054 2912 1204 2966 potior
1222 2911 1298 2952 illo
1317 2916 1426 2960 erat,
1445 2916 1490 2952 et
1514 2917 1721 2966 „ereptus

117 2993 216 3049 (est)
250 2993 460 3048 Segestes
494 3007 659 3048 magna
689 3007 790 3034 cum
820 2993 1179 3047 propinquorum
1208 2997 1252 3032 et
1281 2990 1512 3032 clientium
1538 2990 1718 3032 manu”.
