2040 3412
1110 862 1213 922 xx.
1263 883 1266 886 ’

580 1048 650 1080 AD
681 1048 966 1082 PLUTARCHI
998 1050 1143 1084 VITAS
1176 1050 1373 1084 GALBAE
1405 1052 1469 1085 ET
1501 1053 1739 1088 OTHONIS.

421 1210 647 1265 Quoniam
692 1226 826 1255 nemo
868 1227 1023 1256 eorum
1066 1214 1143 1268 qui
1186 1214 1347 1256 Tacito
1385 1216 1497 1258 dant
1528 1229 1716 1271 operam
1746 1203 2001 1269 nonfi'flsstq

360 1297 553 1346 quenter
581 1292 807 1334 Plutarchi
836 1294 951 1335 vitas
980 1293 1152 1336 Galbae
1180 1300 1226 1336 et
1253 1294 1449 1337 Othonis
1470 1296 1995 1355 inspicit,·cumeeiaem

361 1385 478 1426 quae
519 1373 577 1413 ad
621 1372 744 1415 illum
787 1374 1056 1428 scriptorem
1098 1380 1317 1416 annotata
1359 1375 1469 1417 mihi
1510 1376 1662 1418 iacent
1703 1365 1998 1430 inseriniis‘}

360 1453 612 1494 identidem
640 1454 907 1509 paginarum
935 1454 1263 1510 explendarum
1293 1469 1426 1498 causa
1444 1455 1775 1511 Mnemosynae
1790 1458 1994 1512 1115610,

362 1547 484 1575 meas
526 1535 584 1575 ad
626 1534 724 1575 illas
766 1535 882 1576 vitas
923 1536 1242 1577 annotationes
1285 1549 1376 1577 uno
1417 1537 1567 1591 capite
1604 1518 1994 1601 comprehensas-J

359 1613 431 1655 hic
481 1628 736 1669 proponere
784 1621 1013 1670 praestare
1061 1616 1254 1658 videtur.
1302 1609 1501 1658 Primum
1543 1616 1682 1658 enim·
1703 1606 2010 1677 admodum-{fg-

361 1708 550 1749 magnus
591 1709 745 1737 earum
786 1702 855 1738 est
886 1710 1120 1738 numerus:
1165 1697 1285 1738 haud
1319 1697 1495 1747 mirum,
1528 1697 1753 1752 siquidem
1784 1696 2001 1759 nullamsstf

360 1774 586 1816 Plutarchi
629 1781 805 1830 partem
849 1777 1027 1830 saepius
1071 1776 1421 1830 diligentiusque
1451 1776 1564 1830 legi;
1597 1781 1762 1831 sponte
1793 1790 1866 1821 me
1897 1789 2002 1823 60

357 1855 508 1896 studia
539 1869 640 1896 mea
667 1855 855 1897 Tacitea
881 1856 1124 1898 trahebant
1152 1857 1548 1911 retrahebantque.
1578 1856 1756 1899 Deinde
1784 1854 1990 1907 multae

358 1948 415 1975 ex
463 1934 549 1975 illis
595 1948 699 1976 casu
749 1936 995 1990 nescioquo
1039 1942 1135 1978 arte
1177 1937 1295 1978 inter
1334 1950 1381 1978 se
1423 1936 1683 1979 cohaerent.
1717 1918 1991 1997 Postremofssg

357 2028 515 2056 omnes
541 2014 693 2069 aliquo
722 2016 860 2056 modo
877 2015 980 2056 huic
997 2015 1112 2057 libro
1130 2021 1346 2069 cognatas
1363 2029 1460 2057 esse
1478 2015 1555 2057 vix
1571 2016 1722 2058 dicere
1737 2028 1853 2072 opus
1869 2007 1976 2061 656
2023 2066 2026 2067 Ἀ

417 2094 560 2136 Galba
600 2107 615 2136 1
653 2094 801 2150 (Sint.)
837 2095 926 2136 Res
954 2104 1070 2150 quae
1099 2101 1202 2150 post
1232 2096 1461 2137 Neronem
1489 2096 1687 2137 occisum
1716 2078 2017 2156 Romanae?

356 2174 631 2228 reipublicae
675 2180 925 2216 evenerunt
967 2176 1244 2216 documento
1277 2181 1382 2216 sunt
1413 2177 1484 2216 τοῦ
1522 2174 1648 2223 μηδὲν
1680 2171 1996 2235 εἶναιρφοβὲ·

356 2255 520 2306 ρώτερον
569 2253 835 2301 ἀπαιδεύτοις
882 2253 1098 2307 χρωμένης
1141 2253 1211 2296 καὶ
1258 2253 1428 2304 ἀλόγοις
1472 2253 1618 2306 ὁρμαῖς
1661 2255 1702 2296 ἐν
1745 2238 2009 2308 ἧγεμονΙᾲῖ

351 2341 650 2387 στρατιωτικῆς
693 2333 919 2385 δυνάμεως.
965 2335 1128 2377 Cetera
1169 2335 1321 2376 omnia
1365 2335 1546 2388 egregia
1576 2339 1695 2384 sunt,
1727 2334 1807 2377 sed
1836 2333 2003 2379 illud

349 2415 389 2455 ἐν
434 2415 637 2468 ἡγεμονίᾳ
679 2416 939 2465 absurdum,
983 2416 1248 2470 praesertim
1291 2414 1378 2455 hoc
1421 2414 1585 2468 capite,
1619 2413 1695 2456 ubi
1727 2414 1999 2477 perpetua&

349 2501 417 2536 est
464 2497 622 2538 ducum
671 2501 717 2537 et
764 2496 955 2538 militum
1004 2495 1253 2550 oppositio:
1301 2493 1562 2545 στρκτιώτοις
1608 2479 1858 2544 ἦγονμῖνους
1900 2498 1993 2543 et„

348 2576 647 2627 στρατιωτικὴν
695 2575 868 2623 δύνκμιν
906 2575 946 2616 ἐν
980 2573 1184 2628 ἡγεμονίᾳ
1217 2571 1341 2616 οὖσαν
1376 2587 1511 2615 nemo
1540 2573 1799 2628 mortalium
1831 2573 1982 2626 νίἀῄ,
1979 2562 1993 2566 W

348 2669 563 2709 unquam.
609 2655 712 2697 Una
744 2655 878 2697 litura
911 2655 1134 2697 vocabula
1166 2655 1251 2696 ista
1284 2654 1398 2703 dele,
1432 2659 1581 2695 totum
1612 2653 1764 2695 locum
1795 2646 1986 2729 persa-f
1964 2682 1989 2725 3

348 2735 537 2776 naveris
567 2735 618 2776 In
648 2736 850 2789 margine
878 2741 1119 2777 annotasse
1146 2735 1344 2788 aliquem
1369 2735 1427 2775 ad
1446 2732 1724 2784 φοβερώτερον
1741 2744 1988 2788 ευεριεοι·

349 2814 565 2868 ἡγεμονίᾳ,
601 2815 826 2856 Plutarchi
862 2822 1013 2856 mente
1047 2816 1163 2857 bene
1190 2820 1442 2869 perspecta,
1471 2827 1575 2855 nam
1604 2815 1830 2856 exercitus
1855 2814 1978 2858 dise
1964 2871 1993 2892 s

348 2909 447 2936 cors
479 2901 524 2936 et
557 2895 842 2936 turbulentus
875 2909 982 2950 prae
1016 2895 1178 2936 ceteris
1211 2894 1482 2935 metuendus
1514 2899 1582 2935 est
1613 2894 1814 2949 imperio,
1847 2894 1949 2937 i..e.-

347 2976 709 3030 imperatoribus
752 2975 909 3029 Atque
952 2976 1038 3017 hoc
1083 2976 1198 3016 bene
1244 2988 1346 3016 cum
1389 2979 1488 3014 tota
1530 2973 1696 3016 vicinia
1726 2971 1988 3034 concinit,'s5
