2040 3412
876 309 957 353 293

35 412 57 422 ’”
121 413 340 467 „militurn
358 414 555 468 impetus
574 429 629 456 ne
649 416 818 459 foribus
836 420 1021 473 quidem
1043 405 1201 463 Palatii
1219 424 1471 466 coercitus⁹⁹
1491 425 1565 479 (H.
1581 425 1614 475 1,
1629 426 1715 480 82).
1752 419 1756 423 ⁵

116 493 344 548 Equidem
377 494 606 537 Plutarchi
645 511 825 540 manum
872 502 1045 543 restitui
1090 517 1222 557 posse
1265 505 1457 546 arbitror
1501 513 1716 562 exempta

112 573 452 628 praepositione
496 573 584 625 δια,
634 590 770 631 quam
819 586 897 621 aut
940 582 1230 637 adscripserit
1273 584 1434 639 aliquis
1476 587 1552 640 qui
1596 587 1715 628 hunc

110 652 260 695 locum
295 667 385 696 non
419 655 707 711 intelligeret,
737 665 814 701 aut
841 660 918 714 qui
947 664 1298 716 praecedentem
1329 667 1715 720 praepositionem

109 731 226 776 κατά
259 734 481 777 illustrare
516 737 665 788 vellet,
700 745 778 780 aut
810 740 1008 795 denique
1042 743 1112 783 cui
1142 748 1289 784 totum
1317 744 1425 785 illud
1454 745 1544 786 καθ’
1571 744 1712 798 ἑτέρας

109 812 231 867 θύρας
281 817 652 859 emendationem
702 821 929 874 requirere
978 822 1231 864 videretur:
1288 826 1410 878 quod
1464 827 1499 867 si
1549 827 1711 878 voluit,

110 895 324 950 equidem
354 896 650 939 vehementer
679 892 916 942 consilium
946 902 1040 943 eius
1069 903 1227 956 probo,
1258 918 1361 946 nam
1394 906 1501 947 mihi
1530 920 1712 961 quoque

110 974 322 1018 ferendus
354 991 444 1018 non
479 979 658 1020 videtur
690 980 874 1034 pluralis
906 982 991 1023 iste
1023 981 1158 1045 θύρας.
1195 965 1296 1026 Hoc
1331 999 1438 1039 ergo
1467 986 1575 1027 mihi
1605 1002 1712 1042 prae

111 1057 273 1098 ceteris
295 1058 537 1115 verisimile
564 1060 755 1111 videtur,
783 1063 1058 1104 emendandi
1076 1064 1148 1105 hic
1169 1065 1448 1119 deprehendi
1467 1081 1710 1118 conamen3

109 1149 202 1190 quo
233 1137 268 1179 si
303 1143 425 1179 recte
458 1139 524 1180 usi
559 1141 736 1191 erimus,
766 1144 1073 1197 quodcunque
1102 1146 1223 1199 apud
1252 1146 1462 1187 Tacitum
1492 1147 1712 1189 habemus

108 1216 246 1258 etiam
281 1216 550 1260 habebimus
583 1222 703 1275 apud
740 1221 1030 1264 Plutarchum
1059 1224 1119 1278 (in
1149 1224 1418 1267 Plutarcheo
1447 1228 1567 1268 enim
1595 1228 1710 1268 ὠθου-

105 1294 236 1346 μένων
266 1296 322 1342 εἰς
351 1297 419 1339 τὸν
445 1298 627 1351 chaph-:wa
646 1301 764 1342 inest
782 1302 1021 1344 Taciteum·
1045 1306 1330 1357 „convivium
1349 1307 1710 1362 irrumperent”).

109 1377 175 1420 Ut
216 1382 369 1419 autem
414 1386 600 1433 possent
644 1381 809 1423 milites
852 1383 1038 1425 ὠθεῖσθαι
1078 1384 1134 1431 εἷς
1167 1385 1236 1426 τὸν
1269 1373 1464 1437 ανδρῶνα,
1499 1388 1709 1429 nimirum

109 1457 228 1499 fores
272 1458 431 1500 Palatii
475 1461 650 1515 aperire
693 1462 764 1503 vel
808 1463 1045 1518 effringere
1077 1466 1323 1516 debebant,
1358 1469 1436 1508 sed
1472 1482 1560 1509 non
1596 1482 1710 1523 opus

0 1610 5 1617 .
0 1255 18 1561 ***·-3‹WW2
3 1163 19 1199 ⁴22
8 1051 11 1058 «Α
14 909 28 963 ‹1:*-
10 879 14 882 ,
5 782 20 850 ⁴-.-·
6 738 30 750 ,Α

0 1593 1 1598 1
109 1543 206 1579 erat
233 1537 320 1580 hoc
349 1539 530 1581 disertis
558 1542 708 1582 verbis
736 1557 1108 1586 commemorare.
1139 1546 1300 1600 Neque
1328 1548 1545 1590 credibile
1568 1549 1710 1602 „fores

0 1633 3 1637 ·
66 1651 70 1654 .
113 1618 301 1660 Palatii”
334 1619 544 1661 habuisse
578 1621 762 1675 aliquod
799 1637 975 1664 nomen.
1004 1626 1307 1680 „proprium'’.

169 1698 294 1741 Otho
338 1700 382 1741 V
426 1700 622 1742 Othonis
665 1703 829 1744 milites
872 1704 1030 1746 molles
1062 1712 1119 1747 <et
1159 1707 1340 1748 delicati
1374 1714 1515 1758 erant,
1549 1715 1708 1764 utpote

48 1772 66 1781 ⁷
107 1780 203 1820 otio
246 1785 291 1820 et
334 1780 428 1821 vi'ta
460 1781 632 1823 urbana
665 1785 888 1838 corrupti;
926 1782 1039 1835 ὕβρει
1074 1784 1113 1826 δὲ
1148 1785 1217 1827 καὶ
1253 1786 1400 1838 κόμπῳ
1435 1788 1706 1841 ἐπαμπέχειν

105 1858 325 1908 ἐβούλοντο
351 1861 474 1915 (sive,
500 1867 550 1903 ut
568 1862 664 1903 vult
683 1862 953 1905 Sintenisius
971 1865 1119 1907 hiatus
1137 1868 1309 1908 vitandi
1329 1882 1476 1919 causa,
1495 1884 1708 1920 περιαμπ-

105 1938 244 1991 έχεινε
288 1946 389 1982 utut
423 1947 504 1990 est,
551 1942 783 1983 obiectum
827 1950 895 1985 est
937 1946 1057 1985 τοῦτο
1092 1946 1276 2000 aliquod
1311 1949 1549 1990 omissum:
1584 1950 1705 1991 illam

105 2021 359 2062 animorum
405 2035 739 2077 corporumque
772 2025 1098 2075 conditionem,
1133 2041 1291 2081 parum
1330 2035 1483 2082 aptam
1520 2030 1706 2072 militiae

104 2100 332 2156 belloque)
359 2102 729 2154 προσποιήσασθαι·
744 2103 822 2150 τοὶς
852 2105 1117 2157 λειτουργίαις
1146 2107 1196 2153 ὡς
1226 2106 1450 2158 κρείττονες
1480 2108 1707 2159 οέπαὲξιοῦνν

0 2206 5 2228 3
103 2196 188 2234 τες,
231 2182 313 2234 οὐχ
355 2183 404 2229 ὡς
449 2182 644 2224 ἀδύνατοι
688 2183 841 2236 Φέρειν.
887 2185 1132 2240 Quomodo
1176 2202 1293 2229 nunc
1334 2189 1415 2230 viri
1450 2191 1586 2240 docti,
1621 2191 1706 2232 ista

102 2262 320 2317 legentes,
351 2263 540 2305 verbum
569 2265 926 2315 προσποιήσασθαι
955 2267 1182 2321 accipiant
1210 2268 1376 2317 nescio,
1404 2270 1483 2310 sed
1501 2271 1705 2325 suspicor

103 2357 182 2385 eos
208 2345 394 2385 credere
423 2344 562 2386 latine
590 2345 683 2386 fere
716 2346 798 2398 „ad
827 2360 873 2387 se
901 2347 1143 2388 admittere
1172 2348 1198 2388 i.
1218 2362 1256 2389 e.
1284 2349 1542 2403 suscipere'’
1569 2351 1704 2405 signi-

102 2423 248 2474 ficare,
294 2425 339 2465 id
384 2427 507 2479 quod
540 2426 666 2467 salvo
698 2440 907 2467 sermone
942 2427 1117 2468 Graeco
1150 2442 1208 2469 ex
1239 2429 1315 2470 illo
1349 2430 1703 2485 haudquaquam

100 2509 253 2559 potest
296 2505 410 2546 elici.
456 2506 569 2547 Mihi
608 2512 675 2547 est
709 2507 1097 2560 persuasissimum
1131 2509 1241 2550 nihil
1272 2509 1393 2551 aliud
1428 2512 1546 2552 istud
1580 2527 1702 2563 προσ-

101 2584 352 2632 ποιήσασθαι
383 2586 521 2640 (quod
552 2592 598 2628 et
625 2586 698 2627 hic
726 2592 772 2627 et
799 2587 968 2641 ubique
996 2588 1197 2629 locorum
1226 2589 1450 2643 significat
1477 2592 1700 2643 simulare,

101 2678 250 2719 neque
293 2666 414 2708 aliud
459 2667 709 2721 quidquam
753 2667 1007 2721 significare
1051 2670 1218 2724 potest)
1263 2684 1359 2711 esse
1403 2685 1539 2725 quam
1573 2673 1699 2715 verbi

98 2743 370 2797 ἐπαμπέχειν
404 2746 491 2801 (vel
521 2745 847 2801 περιαμπέχειν)
877 2748 1356 2802 interpretamentum:
1391 2731 1635 2807 „superbia'
1655 2760 1701 2796 et

97 2825 342 2867 iactatione
377 2827 502 2881 (vitia
535 2827 628 2881 sua)
659 2827 876 2881 obtegere
904 2829 1200 2879 conabantur,
1229 2830 1432 2872 laborem
1459 2833 1699 2876 militarem

98 2911 361 2960 respuentes
404 2912 638 2961 tamquam
681 2907 731 2956 si,
777 2921 866 2948 non
910 2907 1098 2950 ferendo
1140 2910 1349 2964 impares,
1393 2913 1472 2953 sed
1508 2915 1700 2956 maiores

97 2992 248 3027 essent
277 2988 430 3041 (quarn
458 2988 534 3042 qui
562 3002 641 3029 eos
669 2988 1010 3043 susciperent)”.
1036 2989 1081 3031 A
1107 2992 1248 3032 verbo
1274 2991 1478 3042 ἀπαξιοῦν
1498 2996 1698 3049 pendere
