2040 3412
1079 286 1162 327 124
1196 297 1198 299 v

318 409 452 449 quam
489 395 680 449 cupidus
713 408 810 436 esse
843 394 1002 436 debuit
1033 394 1239 449 scriptor,
1273 394 1349 448 qui
1382 394 1626 435 immanem
1657 392 1782 437 illum

318 477 483 517 manici
527 489 739 524 errorem,
783 475 938 529 copias
980 487 1070 515 non
1113 487 1166 516 ea
1207 474 1317 528 ripa,
1361 486 1451 527 qua
1494 473 1776 527 pergendum
1808 486 1834 515 e
1899 492 1937 514 v-

316 555 594 610 exponentis
625 554 716 596 sere
751 553 1015 603 dissimulet,
1047 559 1169 594 certe
1195 566 1286 594 non
1314 552 1579 607 gravissima
1605 531 1950 610 obiurgatlone,

316 633 574 708 vituperet?
609 635 779 676 Fateor
811 633 1068 675 mortalium
1103 633 1331 675 neminem
1365 646 1436 674 me
1470 633 1613 687 magis
1644 645 1756 674 esse

718 711 885 766 ἄπειρον
919 711 1219 755 οὶθοιλοὶττωτσν
1252 710 1534 762 ἀσαλαμίνιον

320 801 365 836 et
398 800 552 836 tamen
585 800 757 848 quanta
789 794 864 836 illa
891 794 1024 835 suerit
1053 793 1310 836 Germanici
1337 793 1529 834 stultitia
1556 791 1738 847 penitus
1761 771 1972 846 sentimus

319 875 527 917 Avorum
571 881 826 917 nostrorum
870 875 1100 924 memoria,
1145 887 1248 916 cum
1292 873 1414 915 nulla
1451 873 1524 915 hic
1557 872 1728 915 fiebant
1759 873 1962 936 itineraj

321 956 403 998 nisi
447 955 637 1010 placidis
680 955 764 996 illis
807 955 1011 1009 navigiis,
1053 968 1170 1008 quae
1208 953 1407 995 remulco
1439 953 1749 1004 trahebantur,
1782 958 1834 995 et
1859 950 1954 999 ad
1936 981 1963 1008 ,

319 1050 436 1091 quae
479 1036 679 1090 regenda
723 1035 799 1076 vix
841 1034 930 1076 ulla
973 1048 1087 1089 opus
1129 1039 1225 1076 erat
1266 1034 1441 1088 peritia,
1474 1039 1628 1075 tamen
1662 1031 1810 1076 nullus
1841 1043 1963 1105 ime-‚0-⁴¹⁰

321 1130 458 1171 quam
501 1122 650 1165 nauta,
694 1121 743 1157 ut
781 1115 957 1169 opinor,
991 1114 1212 1156 eiusmodi
1245 1113 1415 1168 aliquid
1449 1110 1811 1155 commisit...
1843 1072 1950 1163 auti

324 1187 539 1252 expertus
584 1202 654 1237 est
697 1201 931 1237 vectorum
973 1193 1214 1249 tranquille
1257 1194 1493 1247 otioseque
1535 1144 1952 1254 confabulantiml!3i

323 1291 461 1318 unum
489 1283 643 1318 tamen
672 1282 718 1318 et
744 1276 936 1317 alterum
964 1275 1267 1316 cerebrosum.
1296 1274 1558 1315 Laudamus
1579 1271 1827 1323 Tiberium,
1844 1259 1951 1328 qut
1946 1258 1970 1326 Ῐ,

322 1364 416 1399 tam
445 1359 703 1412 imperitum
733 1357 966 1412 copiarum
995 1357 1157 1398 ducem
1183 1369 1319 1409 quam
1348 1354 1541 1409 primum
1560 1353 1667 1395 inde
1684 1350 1950 1407 revocatit,
1943 1334 1975 1406 Ῑῖ,

323 1438 399 1480 ubi
442 1451 674 1479 remanere
718 1451 809 1478 non
843 1442 997 1492 posset
1029 1437 1125 1477 sine
1157 1435 1387 1490 legionum
1421 1433 1620 1488 pernicie
1651 1432 1951 1491 summoque

322 1518 596 1573 reipublicae
641 1518 932 1559 detrimento.
977 1515 1209 1570 Quidquid
1244 1515 1288 1555 in
1322 1513 1565 1556 Germania
1596 1511 1715 1554 fecit·
1736 1510 1953 1562 Germa-75,

321 1599 446 1640 nicus
474 1598 627 1639 omnia
655 1603 700 1639 et
729 1597 904 1639 inutilia
931 1609 1111 1651 prorsus
1138 1595 1319 1636 fuerunt
1342 1599 1387 1635 et
1410 1591 1597 1648 periculi
1612 1591 1760 1648 plena.
1779 1588 1923 1638 Velut

321 1679 407 1720 hoc
451 1685 520 1720 est
562 1679 684 1733 quod
719 1692 756 1719 c.
792 1687 842 1731 25
890 1682 1107 1726 narratur,
1149 1689 1391 1731 puerorum
1423 1674 1531 1716 ludo
1562 1672 1750 1715 similius
1781 1672 1979 1729 qua.mt·{·³

322 1759 534 1814 prudenti
568 1758 855 1813 imperatoris
887 1757 1098 1799 consilio:
1230 1756 1233 1762 '
1723 1799 1734 1806 ,
1933 1742 1976 1822 Q*

388 1839 588 1893 „Marsos
630 1839 851 1893 irrumpit,
889 1851 1080 1892 quorum
1114 1837 1207 1878 dux
1242 1835 1558 1877 Mallovendus
1589 1846 1734 1899 nuper
1765 1832 1811 1875 in
1842 1829 1990 1895 dez-„32³-

321 1920 541 1961 ditionem
570 1924 786 1973 acceptus
812 1918 1071 1972 propinquo
1099 1917 1200 1958 loco
1229 1915 1454 1957 defossam
1477 1913 1704 1956 Varianae
1730 1909 1923 1968 legionis

321 1999 519 2053 aquilam
567 1999 747 2040 modico
797 1998 1022 2052 praesidio
1068 1996 1235 2038 servari
1278 1995 1462 2036 indicat.
1506 1992 1645 2035 Missa
1685 1989 1958 2046 extempl&

323 2092 494 2128 manus,
529 2092 644 2132 quae
677 2078 855 2119 hostem
887 2091 914 2118 a
946 2064 1095 2118 fronte
1126 2076 1322 2121 eliceret,
1356 2074 1444 2123 alii,
1474 2072 1550 2127 qui
1578 2078 1706 2126 terga
1732 2068 1975 2139 circuli?¹

320 2158 459 2213 gressi
493 2158 779 2199 recluderent
811 2157 1022 2206 humum;
1056 2161 1102 2197 et
1136 2155 1336 2208 utrisque
1369 2153 1514 2195 adfuit
1547 2149 1770 2193 fortuna”.
1839 2141 1842 2143 ’

382 2234 670 2292 Quamquam
711 2238 942 2286 Romanis,
975 2234 1218 2288 ἁρπαγίνδκ
1250 2233 1524 2294 ludentibus,
1556 2230 1804 2285 ineptiores
1834 2210 1969 2284 ἱρά-,ζπ

323 2317 551 2367 Germani,
580 2318 655 2371 qui
683 2331 774 2358 non
802 2317 1006 2358 contenti
1034 2315 1185 2370 aquila
1207 2315 1329 2355 humi
1354 2313 1534 2354 defossa
1555 2343 1565 2353 .
1585 2343 1595 2352 .
1615 2342 1626 2352 .
1644 2295 1968 2365 praesidium-5⁵

323 2397 384 2438 ibi
414 2403 604 2451 ponunt,
631 2397 803 2438 scilicet
832 2396 915 2438 rati
943 2397 1006 2437 sic
1034 2395 1194 2436 melius
1220 2394 1329 2435 illud
1358 2392 1570 2442 κειμήλιῡν
1598 2390 1643 2432 in
1667 2402 1748 2431 sua
1767 2372 1966 2448 pote-⁸34¹

322 2482 415 2518 tate
459 2490 815 2531 permansurum,
861 2489 996 2530 quam
1039 2475 1074 2516 si
1118 2474 1219 2516 loco
1262 2478 1379 2515 esset
1416 2472 1637 2520 abditum,
1673 2459 1987 2531 quemvis,

323 2558 562 2611 quisquam
594 2562 753 2598 notum
786 2556 988 2598 haberet.
1492 2600 1495 2604 ,
1798 2595 1800 2597 ,
1863 2544 1867 2548 ’
1926 2535 1970 2614 ’

383 2637 439 2677 A.
475 2637 532 2686 II,
567 2649 635 2690 34.
671 2637 722 2677 In
752 2636 1042 2690 praecedenti
1071 2634 1220 2689 capite
1248 2638 1476 2675 narratum
1505 2636 1573 2672 est
1599 2630 1656 2671 de
1682 2618 1976 2671 sententiis-

321 2717 366 2757 in
407 2722 565 2757 senatu
610 2717 743 2758 dictis
784 2715 1268 2768 senatusconsultoque
1312 2713 1433 2754 facto
1475 2724 1578 2752 cum
1622 2707 1836 2751 Haterius
1872 2709 1970 2752 ετ

323 2797 496 2837 Fronto
531 2797 587 2837 de
619 2797 727 2837 luxu
761 2797 1015 2838 coercendo
1049 2796 1282 2838 dixissent.
1316 2793 1553 2847 Sequitur.
1819 2821 1822 2824 -
1907 2818 1958 2831 c

386 2876 534 2927 „Inter
568 2890 683 2929 quae
717 2878 770 2918 L.
804 2877 907 2918 Piso
940 2876 1162 2918 ambitum
1194 2875 1292 2924 fori,
1325 2877 1538 2926 corrupta
1570 2869 1749 2919 iudicia,
1777 2865 1959 2934 saeviffif‘

322 2955 430 2995 tiam
477 2961 705 2997 oratorum
748 2957 1059 2998 accusationes
1102 2954 1406 2996 minitantium
1445 2953 1683 3004 increpans
1714 2947 1839 2990 abire
1869 2941 1964 2997 se
