2040 3412
82 384 98 395 ⁴²¹,

85 413 93 426 'A

88 428 95 435 a

90 461 107 471 τι

78 503 96 530 ἒξ*

82 529 91 537 ,ι

78 530 102 561 ,ἐ

105 507 377 568 ἠιίἰάςιιειπι
409 526 491 554 suo
524 512 745 554 arbitratu
778 513 850 554 vel
884 513 1031 555 facere
1065 514 1136 555 vel
1169 515 1345 569 opinari
1380 516 1568 566 vetabit,
1597 516 1736 558 habe-

49 665 339 726 “standum
386 672 554 715 iudicio
603 678 737 727 putas
779 698 837 704 ——
879 682 1051 715 LEGEM
1067 660 1113 715 !”'
1155 675 1252 716 Iam
1304 675 1381 716 illo
1424 676 1535 731 legis
1576 678 1734 718 audito

126 752 353 796 vocabulo
385 753 487 808 quis
519 767 611 795 non

59 831 94 857 .’

56 1019 61 1027 »
111 983 252 1048 ''Ergo
283 991 474 1044 ἔπτηξαν
508 993 684 1042 πάντες.

79 375 82 376 ’
104 352 238 396 adum
269 351 506 394 videatur”
540 352 603 394 sic
637 352 881 395 edicebant
914 353 997 394 viri
1025 353 1165 403 docti,
1194 367 1336 408 penes
1365 368 1480 408 quos
1507 368 1736 397 summum

125 431 369 487 imperium
395 445 492 474 esse
517 432 780 474 videbatur:
811 424 1062 482 „habemus
1087 433 1209 474 enim
1233 433 1278 474 id
1305 435 1429 488 quod
1455 448 1733 490 quemquam

52 581 226 652 ‘sy-&nus
259 616 316 623 —
348 606 375 633 o
420 592 608 634 meliora
649 593 836 634 tandem
879 593 1053 635 discere
1096 594 1246 649 incipe
1291 595 1494 649 quisquis
1537 602 1617 637 tuo
1649 597 1734 638 tibi

546 832 688 884 μέγαν
721 831 831 875 ὄκνον
866 832 957 887 ἔχει
992 833 1063 876 καὶ
1096 834 1347 887 πεφόβητοει

483 913 617 966 φήνῃς
650 914 700 960 ὠς
732 912 854 965 ὄμμα
887 914 1087 960 masuic?

186 1073 307 1117 Nam
339 1074 491 1116 hercle
524 1075 637 1117 dura
669 1075 875 1134 erat-illa
908 1076 1089 1118 Nisseni
1123 1077 1199 1119 lex
1232 1079 1302 1120 cui
1337 1080 1590 1133 parendum
1624 1086 1734 1122 erat.

129 1154 298 1210 „Apud
341 1156 554 1210 antiquos
599 1157 635 1198 si
680 1157 780 1211 quis
823 1157 1053 1198 scribebat
1096 1159 1220 1212 quod
1264 1150 1484 1214 scriptum
1517 1161 1606 1202 iam
1639 1166 1737 1202 erat

124 1236 184 1279 ab
225 1236 328 1286 alio,
369 1236 479 1278 nihil
513 1236 624 1278 illem
621 1236 843 1287 mutabat,
876 1238 957 1278 sed
993 1238 1116 1291 q'uod
1149 1239 1400 1288 invenerat,
1434 1240 1498 1281 ita
1529 1246 1579 1281 ut
1612 1241 1736 1282 inve-

125 1322 269 1367 nerat,
317 1317 361 1358 in
409 1331 538 1358 suum
583 1317 888 1359 transferebat
929 1317 1139 1359 librum”.
1184 1318 1421 1361 Adversus
1463 1321 1738 1374 sapientiam

43 1377 69 1436 ss
125 1395 250 1438 illam
283 1396 529 1438 caelestem

366 1477 540 1519 Primus
574 1477 728 1520 Gallus
761 1477 901 1520 homo
935 1479 1151 1520 mortales
1182 1481 1372 1521 tendere
1407 1487 1566 1522 contra

367 1557 450 1599 Est
485 1557 642 1600 oculos
674 1572 808 1599 ausus
841 1559 1103 1613 primusque
1138 1560 1359 1602 obsistere
1393 1567 1565 1603 contra.

124 1637 267 1680 Anno
299 1638 420 1680 enim
461 1640 568 1693 1895
606 1638 780 1680 Gaston
816 1634 1010 1680 Boissier
1039 1638 1194 1681 ὅποὲνυ
1223 1641 1366 1681 diario
1396 1655 1434 1682 c.
1463 1647 1495 1683 t.
1530 1642 1738 1695 „Journal

33 1714 208 1772 tj-“des
250 1717 474 1760 Savants”
510 1733 553 1773 p.
586 1730 671 1772 403
715 1733 815 1773 sqq.
851 1720 1210 1774 disputationem
1243 1720 1532 1762 inserendam
1565 1723 1740 1763 curavit

48 1807 55 1863 Ἀ
83 1820 87 1822 ·
125 1798 391 1854 inscriptam
440 1799 529 1852 „les
569 1813 751 1840 sources
785 1800 842 1840 de
875 1799 1079 1850 Tacite”‚
1114 1814 1203 1854 qua
1236 1801 1388 1855 lepide
1421 1801 1629 1855 salseque
1663 1803 1738 1843 de-

126 1880 398 1923 monstravit
430 1880 653 1921 eiusmodi
686 1879 847 1934 legem,
882 1881 918 1921 si
957 1881 1140 1933 „stricto
1173 1880 1335 1922 sensu’'
1370 1882 1428 1922 sit
1457 1882 1737 1936 accipienda,

61 2002 66 2010 ,
127 1973 359 2015 nunquam
403 1974 595 2015 usquam
632 1960 839 2011 valuisse,
873 1961 908 2002 si
941 1961 1126 2003 liberius
1159 1962 1216 2003 sit
1250 1963 1608 2017 interpretanda,
1644 1977 1739 2004 om-

127 2041 252 2083 nium
285 2040 420 2082 fuisse
455 2041 728 2096 populorum
761 2047 1056 2096 aetatumque
1090 2044 1308 2084 omnium.

191 2121 351 2175 „Nunc
384 2122 568 2164 demum
597 2122 715 2163 redit
742 2121 946 2163 animus”
976 2128 1022 2164 et
1049 2136 1328 2177 quamquam
1356 2124 1503 2178 primo
1531 2129 1739 2178 tempore

127 2207 372 2256 postquam
402 2202 519 2243 hanc
547 2201 693 2244 facem
722 2202 886 2243 extulit
915 2203 1123 2252 Boissier‚
1153 2203 1358 2244 nondum
1387 2203 1431 2244 in
1453 2203 1573 2244 clara
1592 2217 1740 2244 versa-

128 2281 288 2324 bamur
330 2281 445 2332 luce,
487 2288 643 2324 tamen
686 2283 777 2324 iam
822 2283 958 2337 paulo
1003 2283 1162 2324 melius
1205 2297 1343 2337 quam
1385 2289 1521 2324 antea
1562 2282 1739 2337 singula

127 2363 438 2414 discernimus,
472 2365 732 2418 sensimque
766 2364 1059 2418 intelligimus
1092 2370 1314 2418 quantum
1348 2365 1393 2405 in
1426 2364 1526 2418 lege
1557 2364 1737 2405 Nisseni

128 2450 175 2486 et
217 2445 262 2486 in
306 2445 522 2499 opinione
564 2444 640 2486 illa
682 2445 739 2486 de
783 2445 944 2486 Tacito
985 2444 1180 2486 fideliter
1211 2450 1419 2486 auctores
1451 2443 1739 2484 exscribente

129 2524 304 2565 ridiculi
347 2525 405 2566 sit
442 2530 581 2579 atque
614 2525 813 2566 absurdi.
849 2525 1003 2567 Unum
1039 2525 1160 2566 dabo
1194 2523 1470 2579 exemplum,
1505 2537 1596 2578 quo
1630 2523 1741 2564 nihil

129 2604 187 2645 ad
220 2604 570 2658 significandum
603 2605 712 2659 quid
746 2618 958 2646 censeam
991 2605 1141 2659 aptius
1177 2605 1399 2645 videatur.

189 2683 375 2726 Tacitus
422 2685 498 2740 (H.
543 2686 576 2734 Ι,
622 2685 694 2740 74)
739 2691 892 2726 narrat
934 2685 1214 2739 aliquamdiu
1258 2684 1491 2727 Othonem
1534 2684 1652 2725 inter
1694 2689 1740 2724 et

131 2763 369 2806 Vitellium
418 2764 552 2806 fuisse
601 2766 835 2819 quoddam
885 2766 942 2806 de
989 2778 1102 2819 pace
1145 2765 1467 2819 componenda
1508 2764 1740 2805 literarum

130 2845 469 2895 commercium,
514 2846 639 2899 quod
681 2851 836 2887 tamen
882 2845 982 2900 paci
1027 2844 1174 2886 obfuit
1208 2845 1352 2899 magis
1385 2858 1522 2899 quam
1556 2843 1739 2899 profuit,

131 2938 235 2967 nam
275 2925 438 2979 „mox”
471 2926 626 2980 (ipsius
659 2925 772 2967 haec
806 2926 954 2967 Taciti
991 2925 1131 2966 verba
1163 2925 1282 2979 sunt)
