2040 3412
1099 319 1182 364 272

335 428 415 469 ‘isti
447 429 588 482 z'p5am
622 428 694 469 vel
726 434 985 482 opponatur
1019 428 1089 470 vel
1122 429 1273 483 aliqua
1299 430 1474 471 ratione
1501 443 1603 471 cum
1629 443 1684 471 eo
1710 429 1940 472 vocabulo*
1967 418 2002 464 *fij*

342 507 596 549 cohaereat.
642 508 787 549 Unice
829 522 987 549 verum
1031 509 1232 550 videtur:
1276 523 1486 564 magnam
1524 510 1621 564 ipsa
1644 511 1808 564 fama:
1841 509 1939 552 sola

341 587 431 628 iarn
464 601 611 628 rerum
644 593 873 641 gestarum
905 587 1047 642 gloria
1080 601 1269 642 magnus
1301 594 1347 629 et
1381 588 1544 630 nobilis
1577 588 1651 630 ille
1683 594 1780 631 erat
1810 602 1936 631 exer·
1999 584 2010 634 J

342 668 470 708 citus.
505 667 570 709 Cf.
597 668 721 721 quod
750 668 956 722 proxime
985 668 1242 722 praecedit:
1276 674 1600 723 „senatumque
1628 674 1675 710 et
1702 668 1936 724 populum,

343 761 574 801 nunquam
608 747 799 788 obscura
832 747 1059 789 nomina.'’
1094 740 1325 802 Quantum
1354 748 1528 790 roboris
1554 749 1599 789 in
1626 749 1727 803 ipso
1754 743 1938 791 nomine
1995 769 2012 792 ς

342 841 393 868 ac
427 827 547 868 fama
579 828 744 868 inesset
777 827 921 881 probe
954 833 1143 869 noverat
1176 828 1346 882 peritus
1377 829 1630 869 animorum
1662 828 1769 870 dux.

405 986 463 1028 H.
499 987 557 1036 II,
594 996 661 1042 59.
696 987 959 1028 Honoribus
985 960 1168 1028 afficere
1189 980 1449 1037 Vitellium‚'
1468 988 1544 1042 qui
1573 987 1711 1029 modo
1737 945 1937 1038 advenit,
2001 964 2020 1038 {3'

344 1067 390 1108 et
423 1067 588 1108 milites
623 1067 817 1108 Romani
851 1067 897 1108 et
930 1067 1181 1122 municipes
1213 1068 1542 1122 Lugdunenses
1573 1072 1762 1109 certant.
1795 1066 1900 1110 Ille:

409 1161 543 1200 „mox
584 1148 842 1188 universum
885 1148 1135 1188 exercitum
1178 1161 1412 1189 occurrere
1454 1147 1614 1189 infanti
1656 1147 1748 1190 filio·
1789 1147 1939 1199 iubet3
1990 1143 2015 1186 ζ

346 1227 660 1282 perlatumque
705 1233 750 1268 et
793 1227 1118 1281 paludamento
1151 1233 1361 1282 opertum
1394 1228 1491 1269 sinu
1525 1228 1724 1269 retinens
1756 1226 1941 1271 Germa·
2011 1245 2016 1252 ⁴

346 1307 496 1348 nicum
529 1307 821 1362 appellavit.”

404 1387 660 1430 Perlatum:
689 1386 804 1442 quo?
834 1388 917 1428 Per
943 1387 1201 1441 singulosne
1229 1388 1453 1429 exercitus
1481 1385 1758 1442 manipulos?
1787 1366 1941 1429 Facile

345 1467 570 1521 intelligo.
592 1473 771 1522 gestato
804 1467 1063 1521 iactatoque
1095 1467 1255 1508 infanti
1289 1467 1441 1522 quiete
1473 1481 1588 1522 opus
1619 1467 1768 1517 fuisse,
1798 1466 1941 1508 liben-
2007 1493 2013 1503 .

345 1552 507 1601 terque
549 1547 594 1588 in
637 1548 736 1588 sinu
780 1560 883 1588 eum
925 1547 1066 1601 patris
1109 1547 1452 1588 obdormivisse.
1497 1547 1563 1589 At
1604 1553 1713 1589 tune
1755 1547 1939 1591 demum

345 1640 448 1667 eum
493 1626 704 1668 Vitellius
746 1625 1071 1680 paludamento
1115 1626 1275 1667 induit.
1320 1627 1424 1668 Non
1467 1626 1563 1677 fuit,
1604 1632 1655 1669 ut
1687 1627 1860 1682 opinor,
1893 1627 1939 1668 in

345 1707 556 1748 omnibus
582 1707 715 1747 rebus
742 1711 837 1747 tarn
866 1711 1184 1760 praeposterus
1211 1712 1258 1747 et
1284 1720 1534 1760 perversus.
1569 1707 1629 1748 Et
1657 1720 1713 1749 ne
1737 1707 1795 1748 de
1819 1719 1940 1749 novo
1991 1707 2028 1738 ’ἶ

344 1788 452 1828 satis
495 1788 584 1828 iam
627 1786 730 1828 fessi
763 1786 946 1828 infantis
979 1787 1138 1840 loquar
1170 1787 1477 1838 incommodo,
1509 1788 1715 1830 nudusne
1747 1787 1940 1831 militum

346 1866 553 1907 manibus
596 1866 795 1921 perlatus
837 1865 932 1907 est?
977 1866 1074 1908 Aut
1117 1880 1280 1920 susque
1314 1867 1462 1921 deque
1495 1867 1568 1909 hic
1601 1868 1754 1910 omnia
1781 1867 1940 1911 habuit

344 1947 529 1988 Tacitus
571 1952 649 1988 aut
691 1960 773 2001 pro
798 1946 1026 2002 perlatum
1060 1947 1302 2001 legendum
1335 1952 1403 1988 est
1427 1947 1682 2002 prolatum:
1717 1958 1881 2002 nempe
1908 1961 1938 1989 e

345 2028 558 2077 tentorio,
592 2027 668 2068 ubi
700 2027 920 2068 hactenus
950 2028 1071 2081 apud
1106 2027 1327 2068 nutricem
1359 2027 1558 2082 aliquam
1588 2027 1798 2070 latitavit.

408 2188 466 2228 H.
501 2187 557 2237 ΙΙ,
591 2187 661 2229 60.
698 2187 916 2228 Narratur
948 2188 1181 2241 quomodo
1214 2188 1302 2228 iam
1335 2187 1481 2229 victor
1509 2188 1719 2230 Vitellius
1745 2187 1942 2231 Othonis
2004 2182 2007 2183 ⁷

347 2268 552 2321 cognatis
584 2267 740 2308 amicis
772 2267 1054 2308 adiutoribus
1085 2281 1190 2308 usus
1222 2268 1291 2308 sit.
1326 2268 1394 2309 Ibi
1427 2274 1472 2310 et
1505 2269 1616 2310 haec
1647 2269 1880 2324 leguntur:

412 2348 584 2399 „Mario
627 2347 757 2389 Celso
791 2347 1050 2389 consulatus
1083 2353 1287 2388 servatur
1299 2365 1308 2398 ;
1342 2348 1422 2389 sed
1456 2348 1678 2390 creditum
1710 2348 1830 2392 fama
1861 2348 1942 2390 ob-

346 2429 604 2481 iectumque
648 2441 756 2468 mox
798 2427 843 2468 in
885 2432 1043 2467 senatu
1089 2426 1285 2468 Caecilio
1319 2426 1535 2481 Simplici,
1569 2428 1693 2482 quod
1725 2441 1828 2477 eum
1861 2427 1956 2470 ho-·
2003 2422 2023 2446 ⁷

346 2521 502 2548 norem
536 2507 727 2560 pecunia
761 2505 962 2554 mercari,
996 2519 1079 2546 nec
1111 2505 1206 2546 sine
1239 2506 1379 2546 exitio
1412 2506 1528 2547 Celsi
1561 2506 1820 2548 voluisset.’'
1882 2509 1886 2514 ’

406 2587 503 2627 Aut
540 2587 704 2628 Latine
735 2592 906 2627 temere
939 2585 1162 2626 vocabula
1193 2586 1416 2627 coniicere
1448 2586 1568 2636 licet,
1601 2592 1679 2628 aut
1711 2586 1836 2628 nihili
1868 2591 1938 2628 est
2003 2631 2005 2634 Α

346 2668 561 2709 creditum
580 2669 732 2721 fama.
761 2664 882 2719 Quid
910 2665 968 2705 sit
995 2664 1239 2718 legendum
1266 2678 1357 2706 non
1387 2665 1567 2715 definio,
1596 2667 1675 2707 sed
1699 2667 1744 2707 in
1761 2657 1938 2720 syllaba
1965 2703 1967 2705 ,

347 2760 419 2788 cre
450 2760 546 2787 esse
574 2745 737 2799 opinor
763 2744 834 2785 vel
862 2743 1089 2792 adiectivi,
1118 2744 1240 2797 quod
1269 2749 1338 2784 est
1364 2744 1526 2795 creber,
1554 2745 1794 2813 velyerbi,
1812 2745 1935 2800 quod

349 2826 453 2866 hinc
497 2826 717 2879 originem
759 2825 897 2873 ducit,
938 2823 1135 2876 aliquam
1170 2823 1374 2864 formam.
1408 2824 1586 2879 Ecquid
1619 2826 1775 2867 crebra
1790 2862 1793 2865 ,
1797 2826 1938 2880 fama

349 2906 514 2946 omisso
534 2906 637 2959 fuit
662 2904 734 2945 vel
760 2911 871 2953 erat,
902 2903 1065 2957 quibus
1094 2903 1243 2943 verbis
1270 2904 1342 2945 hic
1371 2918 1484 2959 opus
1501 2919 1598 2946 esse
1617 2919 1707 2946 non
1725 2904 1938 2947 videtur?

350 2984 415 3026 Cf.
451 2984 508 3024 H.
543 2985 623 3034 IV,
664 2995 712 3024 12
752 2983 1137 3036 „crebrescentem
1170 2982 1309 3024 cladis
1342 2983 1887 3027 Germanicae'famam.”.
