2040 3412
1077 289 1164 330 266

322 407 385 447 sic
419 412 468 447 ut
489 421 628 468 gener
655 413 701 448 et
727 421 847 449 socer
874 422 1009 450 unam
1038 422 1145 458 rem,
1176 423 1311 450 unam
1337 409 1616 459 affinitatem,
1646 400 2005 464 significene‘fssssq

1904 489 1919 508 ἱ

323 478 720 528 coniunctionibus
760 501 843 541 que
882 487 955 529 vel
996 496 1040 530 et
1077 489 1339 538 vinciamus,
1373 488 1446 530 hic
1484 502 1647 543 „gener
1677 503 1730 531 ac
1759 489 1902 532 socer’

321 566 497 620 legitur.

380 725 437 766 H.
474 726 507 775 I,
544 734 613 780 37.
658 727 709 767 In
753 728 910 768 castris
951 728 1189 781 praetoriis
1221 727 1346 770 Otho
1377 729 1435 769 ad
1470 728 1634 770 milites
1665 729 1918 773 Orationem
1980 722 2006 776 Ῐ,

318 804 471 854 habet,
520 819 610 859 qua
658 806 711 846 iis
753 806 799 847 in
843 808 1108 849 memoriam
1154 814 1288 849 vocat
1331 822 1630 863 quaecunque
1670 810 1816 853 Galba
1858 811 1917 854 ad

318 885 496 926 Italiam
524 887 747 949 accedens
774 886 1011 941 ipsamque
1039 887 1198 929 urbem
1226 888 1398 930 intrans
1425 889 1665 932 crudeliter
1692 889 1813 933 fecit.
1845 889 1918 933 Ibi
1947 929 1954 945 ,Δ

318 970 364 1006 et
397 965 513 1007 hanc
546 966 738 1020 legimus
771 967 1175 1010 exclamationem:

383 1044 536 1099 „Quae
569 1059 759 1100 usquam
793 1047 1040 1101 provincia,
1075 1061 1191 1102 quae
1224 1054 1370 1090 castra
1403 1054 1507 1091 sunt
1541 1049 1624 1091 nisi
1656 1055 1844 1093 cruenta
1868 1055 1919 1095 et

320 1124 558 1177 maculata,
592 1131 682 1175 aut,
716 1132 766 1167 ut
799 1127 894 1181 ipse
927 1128 1174 1181 praedicat,
1208 1128 1452 1170 emendata
1483 1134 1530 1170 et
1563 1129 1798 1172 correcta”
1817 1128 1861 1186 ι).

382 1206 484 1260 Ipse
526 1219 662 1247 sonus
705 1206 948 1247 verborum
994 1220 1135 1261 „quae
1179 1208 1425 1261 provincia,
1459 1221 1576 1262 quae
1608 1213 1756 1251 castra
1785 1206 1918 1252 sum&

320 1285 458 1326 habet
501 1286 624 1339 quod
669 1286 830 1327 vitium
873 1292 1042 1341 crepet.
1088 1287 1157 1328 De
1200 1289 1428 1329 sententia
1470 1289 1718 1331 videamus.
1752 1289 1918 1333 Nonne
1982 1274 2011 1323 s

319 1366 564 1407 absurdum
613 1372 682 1407 est
729 1367 1009 1408 contendere
1059 1367 1227 1409 nullam
1276 1382 1460 1423 usquam
1503 1382 1600 1411 esse
1634 1370 1918 1425 provinciam
1976 1351 1989 1374 ·†

319 1459 455 1500 quam
498 1459 590 1487 non
634 1459 792 1488 cruore
829 1447 1070 1501 asperserit
1103 1446 1275 1489 Galba?
1309 1447 1430 1490 Num
1463 1447 1680 1491 credibile
1711 1448 1821 1493 illud
1851 1450 1918 1493 vi-
1975 1460 1978 1461 ’

319 1526 414 1567 deri
464 1531 644 1580 poterat
691 1526 763 1567 vel
806 1527 914 1581 ipsis
957 1526 1175 1568 militibus
1217 1527 1414 1578 urbanis,
1459 1528 1624 1583 quibus
1664 1528 1752 1571 hoc
1792 1533 1916 1573 certe

318 1611 478 1647 notum
520 1606 666 1656 fuerit,
711 1620 735 1647 e
768 1619 857 1660 qua
890 1607 1124 1661 provincia
1156 1608 1201 1649 in
1235 1607 1412 1649 Italiam
1445 1609 1642 1650 venisset
1676 1608 1834 1660 Galba,
1863 1614 1917 1653 *et
1976 1599 2002 1650 ·j'‘.

318 1700 434 1740 quae
478 1687 517 1727 ei
562 1686 719 1727 fuisset
751 1687 1045 1740 pervadenda
1077 1686 1339 1741 provincia?
1371 1687 1529 1742 Atque
1562 1688 1658 1744 ipsa
1690 1702 1783 1731 vox
1805 1697 1914 1745 pro·
1983 1671 2002 1714 2-

315 1767 462 1808 vincia
503 1767 612 1820 quid
646 1766 785 1808 habet
819 1767 942 1820 quod
977 1766 1273 1808 vehementer
1303 1768 1478 1810 animos
1510 1768 1704 1811 militum
1735 1779 1916 1824 permo-

318 1844 450 1887 veat?
480 1845 617 1896 Nihil,
647 1851 695 1887 ut
724 1847 899 1900 opinor.
931 1845 1021 1888 Sed
1048 1847 1338 1901 inspiciamus
1355 1847 1539 1902 longam
1556 1846 1678 1891 illam
1693 1848 1914 1893 scel-erum
1952 1863 1961 1867 ·

317 1926 721 1975 enumerationem,
740 1940 870 1982 *quae
895 1926 1043 1967 hacce
1077 1926 1409 1968 exclamatione
1441 1926 1686 1970 clauditur:
1720 1929 1778 1970 de
1804 1927 1915 1972 clas-
1955 1927 1961 1934 ’
1998 1906 2002 1915 ¹

315 2006 457 2047 siariis
490 2007 649 2060 agitur,
684 2019 877 2059 quorum
910 2010 1090 2060 partem
1123 2005 1268 2047 Galba
1301 2006 1558 2057 trucidavit,
1589 2012 1767 2062 partem
1788 2009 1915 2069 kdeei—
1998 2038 2019 2070 3»

316 2086 470 2135 mavit,
515 2086 572 2127 de
617 2085 814 2127 Fonteio
848 2085 1084 2139 Capitone,
1120 2085 1281 2128 Clodio
1316 2086 1486 2136 Macro,
1521 2087 1808 2142 Nymphidio
1839 2101 1914 2146 oc·-
2002 2118 2009 2130 .

316 2166 417 2207 cisis
465 2171 510 2206 et
557 2165 831 2219 quibusdam
879 2165 990 2215 aliis,
1038 2166 1118 2207 sed
1161 2165 1387 2220 plerisque
1430 2167 1663 2220 copiarum
1707 2166 1912 2209 ducibus.

317 2246 454 2300 Ergo,
482 2246 517 2286 si
551 2246 642 2286 duo
674 2245 818 2286 triave
852 2245 1037 2286 nomina
1069 2245 1333 2307 excipimus,
1367 2250 1465 2286 tota
1496 2246 1582 2286 ista
1614 2241 1786 2288 Galbae
1816 2256 1916 2289 cru·
1977 2246 1991 2262 ”

316 2325 479 2366 delitas
506 2326 563 2366 ad
597 2324 717 2366 solos
745 2323 910 2366 milites
937 2330 983 2366 et
1010 2325 1066 2366 ad
1097 2325 1229 2375 viros,
1257 2325 1334 2379 qui
1364 2324 1582 2366 militibus
1607 2325 1912 2380 praefuerunt,

317 2406 548 2459 pertinuit.
592 2405 666 2455 Et,
711 2410 760 2446 ut
801 2405 977 2459 opinor,
1020 2404 1197 2445 etiamsi
1240 2409 1475 2458 praeterea
1506 2405 1551 2445 in
1585 2409 1768 2459 togatos
1797 2404 1914 2447 iner-
1982 2420 1998 2453 ς,ὲ

317 2498 502 2539 mesque
535 2484 835 2540 provinciales
868 2484 1101 2544 saeviisset
1134 2483 1291 2533 Galba,
1325 2489 1479 2525 tamen
1511 2484 1568 2526 de
1599 2484 1668 2526 his
1694 2472 1912 2528 tacuisset
1979 2477 1995 2502 ’ἶ

316 2564 447 2607 Otho
468 2570 514 2606 et
540 2569 720 2619 sagatos
747 2563 1078 2618 paludatosque
1106 2570 1506 2605 commemorasset
1533 2563 1666 2615 solos,
1695 2565 1772 2619 qui
1789 2577 1911 2607 novo

316 2645 578 2698 imperatori
626 2644 838 2685 victimae
893 2644 1174 2685 cecidissent.
1231 2643 1418 2686 Ceteros
1463 2644 1584 2685 haud
1633 2656 1913 2700 magnopere

316 2724 590 2777 praetoriani
623 2729 751 2764 erant
785 2724 993 2765 curaturi.
1035 2724 1156 2778 Ergo
1191 2729 1239 2765 ut
1271 2723 1395 2765 Otho
1429 2724 1551 2765 dicat
1581 2722 1752 2778 aliquid
1784 2724 1910 2779 quod
1983 2724 1998 2739 '³

314 2808 433 2843 terse
463 2803 747 2844 enuntiatum
775 2803 845 2853 sit,
875 2803 997 2857 quod
1026 2817 1052 2844 a
1075 2803 1265 2844 veritate
1294 2817 1385 2844 non
1413 2803 1546 2844 nimis
1570 2803 1767 2854 recedat,
1785 2803 1909 2858 quod
1971 2794 2005 2830 F

368 2972 402 3016 1)
427 2973 468 3004 In
495 2972 615 3005 codice
642 2978 711 3005 est:
743 2983 854 3015 „quae
882 2983 1029 3016 usquam
1055 2973 1235 3015 provincia
1261 2983 1350 3015 quae
1376 2973 1413 3004 in
1437 2972 1558 3004 castris
1584 2971 1699 3005 sunt.”

1978 2694 2002 2741 ξ.
