2040 3412
878 323 958 368 271

120 425 306 468 monitis
337 439 392 468 eo
425 440 496 468 res
528 427 769 471 deducitur
802 435 851 471 ut
884 444 908 472 e
943 431 1090 474 Ponto
1124 425 1244 476 nova
1276 435 1433 490 religio
1461 437 1505 479 in
1534 437 1725 494 Aegyp-

51 498 90 568 ᾖ,
118 509 217 551 tum
250 506 559 549 transferatur.

178 665 239 709 H.
272 667 331 718 ΙΙ,
371 667 435 709 16.
480 668 565 710 Per
598 669 690 711 vim
724 670 955 712 Decumus
988 672 1196 715 Pacarius
1230 682 1495 729 procurator
1526 679 1718 722 insulam

117 745 362 797 Corsicam,
405 761 522 802 quae
565 748 785 791 hactenus
828 750 1001 797 Othoni
1037 752 1183 795 fidelis
1217 762 1457 807 manserat,
1490 758 1534 799 in
1568 765 1720 813 partes

116 826 292 870 Vitellii
316 829 556 870 traducere
584 835 746 872 tentat.
777 831 1026 874 Consilium
1056 834 1195 876 habet
1222 837 1492 892 principum,
1512 840 1718 895 duosque

42 919 77 968 μζ,
114 907 520 968 copiarumvduces
552 915 711 951 contra
744 911 895 953 dicere
926 926 1059 955 ausos
1092 912 1284 957 interfici
1317 917 1465 959 iubet:

21 974 77 1045 ζ* ῖ
128 1030 134 1041 ,μ
177 985 408 1042 „Quorum
437 994 584 1032 morte
609 991 829 1041 exterriti,
858 993 935 1046 qui
963 994 1167 1044 aderant,
1195 985 1327 1043 simul
1346 997 1501 1051 ignara
1518 1005 1563 1040 et
1581 999 1715 1042 alieni

35 1068 58 1118 j'
105 1071 261 1127 Lmetus
291 1068 415 1110 socia
447 1069 775 1124 imperatorum
809 1071 943 1113 turba
974 1074 1019 1114 in
1055 1061 1195 1116 (rerba
1229 1076 1402 1118 Vitellii
1436 1079 1685 1122 iuravere.’‘

31 1130 62 1155 ⁷7
94 1159 130 1179 ’-
169 1147 504 1203 Imperatorum
564 1155 632 1191 est
686 1150 730 1192 in
780 1152 961 1203 codice;
1013 1167 1132 1195 nunc
1182 1155 1448 1211 plerumque
1498 1147 1734 1213 probatur

39 1219 83 1293 {²³
109 1230 541 1275 vetustacorrectio
568 1231 894 1286 imperitorum.
929 1232 1078 1287 Quam
1112 1235 1266 1290 inepte
1295 1238 1522 1281 diceretur
1548 1241 1715 1295 ignara

109 1307 420 1363 imperitorum
466 1310 623 1360 turba,
680 1325 818 1365 quam
875 1313 1072 1362 absurda
1119 1328 1172 1356 ea
1219 1323 1338 1358 esset
1385 1323 1523 1373 atque
1569 1321 1714 1362 inanis

110 1375 354 1436 {verborum
396 1389 580 1437 ubertas
621 1392 814 1433 sensisse
858 1393 1039 1435 videtur
1082 1408 1230 1438 nemo.
1275 1397 1382 1439 Fuit
1423 1412 1526 1440 cum
1559 1401 1616 1441 ad
1651 1402 1714 1442 vi-

36 1452 62 1504 s?
109 1468 298 1511 tandam
340 1469 474 1511 istam
516 1471 817 1526 tautologiam
867 1487 949 1527 pro
1002 1475 1169 1529 ignara
1215 1476 1460 1531 legendum
1504 1485 1711 1534 putarem

28 1606 31 1610 ,
108 1548 291 1604 ignava,
323 1550 404 1592 sed
436 1550 572 1606 longe
607 1552 793 1595 meliora
826 1568 898 1595 me
930 1569 1045 1597 unus
1073 1570 1098 1597 e
1127 1558 1513 1601 commilitonibus
1541 1561 1711 1612 docuit,

34 1616 42 1639 ‘³
107 1629 234 1672 cuius
277 1629 585 1673 felicissimum
625 1633 863 1675 inventum
895 1634 1091 1682 libenter
1125 1636 1196 1677 hic
1230 1651 1366 1691 pono.
1402 1639 1444 1680 Is
1478 1641 1597 1682 enim
1631 1642 1711 1683 im-

32 1736 34 1738 -
97 1697 364 1765 speratorum
413 1712 703 1754 retinendum
750 1714 830 1755 sed
878 1715 1032 1756 statim
1053 1745 1056 1746 ν
1081 1722 1186 1770 post
1234 1718 1401 1772 ignara
1444 1722 1709 1774 ponendum

103 1790 242 1832 vidit:
296 1791 477 1846 „ignara
524 1792 851 1847 imperatorum
900 1801 946 1836 et
994 1795 1127 1837 alieni
1178 1803 1325 1839 metus
1367 1801 1490 1841 socia
1532 1801 1708 1844 turba.”

23 1862 41 1889 ”·
103 1869 304 1912 Insulani
347 1871 420 1913 isti
463 1873 541 1913 vix
585 1873 683 1927 ipsa
715 1872 912 1916 Othonis
946 1875 1212 1931 Vitelliique
1245 1879 1429 1920 nomina
1462 1888 1706 1934 noverant;

63 1951 65 1953 ’
103 1956 227 1992 certe
258 1956 359 1994 uter
391 1952 519 2007 peior
553 1959 671 1994 esset
704 1954 953 2008 imperator
986 1955 1120 2010 plane
1154 1957 1428 2011 ignorabant
1450 1961 1492 2015 ¹).

16 2167 18 2170 y
164 2102 223 2154 H.
252 2112 310 2162 ΙΙ,
343 2124 410 2167 32.
445 2113 711 2156 Coniunctis
739 2115 961 2157 Caecinae
990 2122 1036 2157 et
1065 2117 1272 2166 Valentis
1301 2121 1443 2174 copiis
1473 2121 1707 2164 Vitelliani

30 2191 31 2194 ’
101 2193 307 2234 certandi
339 2194 503 2235 ardent
534 2208 709 2245 amore;
745 2195 996 2238 Othoniani
1030 2203 1179 2239 utrum
1207 2200 1361 2241 statim
1389 2201 1434 2242 in
1464 2202 1704 2245 discrimen

36 2254 38 2256 Ι
102 2285 196 2325 rem
223 2273 454 2316 adducant
481 2288 538 2316 an
567 2282 838 2330 exspectent
867 2277 1006 2318 etiam
1035 2278 1303 2321 deliberant.
1333 2280 1435 2322 Hoc
1461 2281 1705 2325 Suetonius

99 2351 312 2395 Paulinus
350 2355 540 2397 suadet:
582 2369 710 2397 mora
754 2356 1087 2399 exhauriendas
1129 2358 1328 2401 hostium
1373 2362 1490 2403 vires
1533 2370 1701 2415 censet,

98 2445 229 2474 suum
270 2435 393 2476 enim
435 2436 688 2478 exercitum
722 2437 884 2478 eadem
916 2449 1188 2480 accrescere.
1224 2440 1334 2482 Eius
1367 2442 1505 2484 verba
1538 2449 1584 2485 et
1616 2444 1703 2486 alia

98 2518 204 2555 sunt
236 2519 282 2555 et
314 2513 452 2557 haee:

147 2593 347 2648 „„Paucis
379 2596 540 2638 diebus
572 2603 781 2651 quartam
811 2598 1036 2639 decimam
1064 2598 1290 2653 legionem
1319 2615 1529 2657 magnam
1557 2604 1699 2657 ipsam

19 2696 23 2719 3
86 2675 288 2728 famam,
322 2675 534 2718 Moesicis
567 2691 671 2718 cum
704 2678 847 2732 copiis
879 2678 1080 2720 adfore.’'

155 2753 230 2797 Sic
258 2761 327 2796 est
354 2756 399 2797 in
427 2757 600 2798 codice.
631 2757 852 2799 Probatur
881 2757 973 2798 fere
1002 2758 1195 2800 Candidi
1223 2762 1506 2804 emendatio:
1533 2778 1699 2820 magna

16 2823 30 2885 ⁵1
94 2834 237 2889 ipsam
260 2820 425 2891 famas
449 2837 705 2891 Perperam,
741 2843 789 2879 ut
822 2838 998 2892 opinor,
1035 2838 1158 2881 Nihil
1191 2841 1312 2882 enim
1346 2844 1549 2897 sequitur
1573 2848 1697 2900 quod

145 3009 179 3055 1)
194 3009 326 3042 Auctor
338 3010 577 3053 lepidissimae
592 3013 847 3046 emendationis
862 3013 905 3045 A.
920 3013 1095 3045 RUTGERS
1108 3021 1184 3046 VAN
1199 3022 1272 3046 DER
1287 3016 1408 3048 LOEFF
1420 3017 1473 3049 lit.
1486 3017 1580 3051 hum.
1595 3019 1697 3053 cand.
