2040 3412
353 399 539 441 miscere
582 399 626 440 in
671 399 816 440 vicem
859 399 1058 449 consilia,
1101 400 1207 442 dein
1249 414 1482 456 separare;
1512 380 1801 457 'aliquandog
1818 383 1820 386 v

351 484 538 534 aspectu
571 479 812 533 pignorum
843 493 1040 530 suorum,
1072 482 1252 536 saepius
1279 482 1542 525 concitari.”
1575 483 1695 531 Tum
1720 496 1813 545 seq

415 557 651 614 „Satisque
683 559 924 601 constabat
955 561 1152 603 saevisse
1184 562 1408 616 quosdam
1441 562 1486 605 in
1513 563 1731 619 coniuges
1746 576 1827 616 aer

354 653 443 689 rOS,
475 643 710 694 tamquam
741 639 1105 683 misererentur.”
1146 641 1247 691 Hic,
1282 647 1331 684 ut
1363 643 1539 697 opinor,
1573 657 1665 687 non
1696 644 1747 688 ες

353 720 411 761 de
458 719 738 771 hominibus,
782 721 859 774 qui
907 726 1069 775 postea
1115 720 1265 763 locum
1311 715 1464 764 cladis'
1499 723 1754 782 inspicient,

350 800 584 842 effecerint
625 814 650 842 e
692 814 935 856 corpoxum
979 801 1159 852 habitu;
1202 801 1265 844 illi
1307 802 1429 845 enim
1472 803 1548 858 qui
1592 798 1761 853 fuisset

351 880 488 923 dubie
521 880 782 923 tradidisset
813 881 1011 924 Tacitus.
1061 881 1152 925 Sed
1186 881 1323 924 refert
1354 882 1463 937 quid
1496 883 1593 939 ipse
1624 879 1795 934 efficiet

349 961 550 1003 moribus
581 975 706 1019 quos
726 962 822 1016 ipse
855 963 1096 1017 acceperit.
1139 943 1266 1017 Lege
1297 975 1406 1018 ergo
1436 964 1630 1019 satisque

409 1041 542 1084 Alter
574 1055 612 1083 c.
640 1053 713 1096 43.
745 1040 891 1095 „Satis
916 1041 1158 1084 constabat
1184 1041 1306 1084 lecto
1332 1047 1652 1086 testamento

349 1123 576 1171 laetatum,
604 1122 964 1178 (Domitianum).
997 1123 1024 1164 i.
1043 1136 1083 1165 e.
1121 1136 1204 1176 „ex
1235 1123 1289 1165 iis
1320 1122 1456 1166 rebus
1482 1137 1600 1179 quae
1626 1171 1629 1173 ,
1677 1123 1689 1135 “

351 1209 424 1246 tur
466 1207 765 1257 narrataeque
805 1208 923 1253 sunt,
966 1216 1052 1257 ego
1093 1216 1206 1245 nunc
1243 1202 1423 1257 efficio.”
1466 1202 1819 1260 Habebimwff

352 1291 523 1327 constat
553 1283 808 1338 legerimus.
1767 1266 1770 1267 ⁷

361 1383 363 1386 ⁴
415 1363 531 1407 Sunt
572 1377 681 1418 ergo
726 1374 782 1418 29
813 1367 913 1405 toto
945 1375 1085 1419 opere
1117 1361 1307 1405 Taciteo
1339 1362 1427 1405 loci
1460 1362 1537 1406 ubi
1568 1364 1753 1419 cmm

353 1445 442 1494 bat,
475 1444 669 1487 constitit
693 1425 883 1498 legatur.
914 1442 1085 1485 Eorum
1111 1446 1307 1497 quatuor
1332 1455 1429 1484 esse
1455 1424 1768 1505 corruptcssgt

356 1525 497 1567 modo
529 1523 758 1566 sanandos
787 1522 987 1565 clamant
1019 1522 1123 1573 XII,
1157 1521 1310 1577 aliquo
1342 1522 1481 1564 modo
1511 1506 1756 1595 testantng
