2040 3412
1070 319 1153 360 140

316 425 386 474 sit,
430 424 494 465 ita
536 424 692 474 videri,
736 438 841 466 nam
883 431 1064 468 strenue
1107 441 1292 482 operam
1336 428 1414 469 dat
1456 427 1641 470 Tacitus
1684 434 1733 471 ut
1767 429 1917 488 talen&

317 503 448 544 nobis
480 503 712 545 Tiberium
744 505 897 547 animo
923 506 1230 548 informemus.
1259 506 1451 549 Strenue
1479 522 1665 563 operam
1693 510 1787 560 dat,
1814 507 1903 552 aio*

315 596 406 624 non
435 583 556 624 enim
583 584 861 638 imprudenti
890 585 1065 636 Tacito,
1095 599 1197 627 cum
1226 587 1283 641 de
1302 587 1552 629 Domitiani
1569 589 1739 643 cogitat
1756 594 1861 644 tyra
1901 640 1944 651 »Γ

316 663 434 712 nide,
478 663 649 704 Tiberii
694 664 973 719 principatus
1014 666 1060 706 in
1103 671 1304 708 mentem
1341 668 1487 718 venit3
1522 667 1732 710 omnibus
1764 654 1946 712 mod‘wb‘

316 743 493 784 efficere
536 744 690 786 studet
733 750 781 786 ut
822 744 885 786 illi
916 746 1144 801 principes
1176 760 1312 801 quam
1345 748 1541 789 maxime
1574 748 1692 790 inter
1721 762 1769 791 se
1801 749 1860 792 fia

315 823 495 866 similes.
535 825 638 879 Ipse
672 825 758 866 hoc
791 825 969 867 disertis
1001 826 1151 867 verbis
1183 826 1384 868 declarat
1415 826 1474 869 A.
1509 827 1590 877 IV,
1626 838 1694 889 3⁴2.
1727 828 1780 871 In
1811 841 1839 872 a

313 904 398 945 sibi
441 917 538 945 esse
580 910 627 946 et
668 904 908 959 inglorium
949 905 1154 947 laborem
1196 906 1282 964 ait3
1323 920 1413 948 non
1457 920 1590 962 posse
1630 921 1735 950 suos
1770 907 1859 951 libr

314 997 416 1025 cum
444 997 600 1026 eorum
628 985 880 1039 comparari
907 976 1117 1035 historiis,
1146 979 1222 1040 qui
1251 986 1308 1029 de
1335 985 1477 1028 libera
1500 987 1761 1042 scripserint
1777 1001 1859 1044 rep

313 1063 451 1105 blica:
501 1069 608 1105 tunc
656 1065 808 1106 omnia
851 1064 984 1106 fuisse
1028 1078 1205 1120 magna,
1248 1065 1466 1120 gloriosa,
1501 1066 1703 1119 excelsa;
1744 1067 1852 1110 ami

315 1143 526 1186 libertate
559 1144 635 1186 vix
667 1145 916 1199 quidquam
949 1158 1045 1187 esse
1077 1150 1229 1187 actum
1257 1146 1380 1200 quod
1409 1160 1500 1188 non
1528 1152 1781 1193 memoratu
1803 1146 1849 1191 rle

315 1224 457 1266 videri
500 1225 679 1267 debeat.
723 1224 855 1275 Tum,
899 1231 1142 1280 postquam
1184 1226 1229 1267 in
1269 1227 1524 1268 universum
1556 1227 1767 1282 exposuit
1798 1229 1859 1284 qu

313 1305 489 1346 intersit
522 1305 639 1346 inter
671 1305 890 1360 populare
923 1305 1162 1361 imperium
1195 1312 1240 1348 et
1268 1307 1398 1348 unius
1426 1307 1507 1349 viri
1535 1307 1819 1351 domination

315 1385 378 1426 sic
411 1385 582 1439 pergit:

377 1464 545 1519 „Igitur
581 1470 640 1506 -ut
681 1464 789 1507 olim
833 1465 968 1520 plebe
1010 1465 1171 1516 valida,
1216 1466 1287 1508 vel
1331 1480 1433 1508 cum
1476 1468 1629 1522 patres
1669 1466 1915 1522 pollerem

312 1545 542 1587 noscenda
566 1545 688 1600 vulgi
715 1551 889 1596 natura,
914 1551 960 1587 et
978 1546 1141 1600 quibus
1160 1548 1306 1589 modis
1323 1553 1632 1602 temperanter
1650 1530 1839 1591 haber'et

309 1631 582 1680 senatusque
614 1631 660 1667 et
691 1627 981 1680 optimatium
1013 1627 1193 1687 ingenia
1225 1627 1302 1681 qui
1330 1627 1527 1669 maxime
1555 1627 1838 1682 perdidicdra

309 1705 459 1747 callidi
491 1711 749 1760 temporum
777 1711 823 1747 et
850 1704 1077 1760 sapientes
1103 1706 1402 1757 habebantur,
1430 1708 1494 1749 sic
1520 1721 1741 1750 converso
1766 1713 1837 1753 sta

311 1800 458 1840 neque
500 1785 587 1828 alia
628 1786 874 1841 republica,
908 1800 1045 1840 quam
1077 1787 1113 1828 si
1146 1800 1260 1828 unus
1291 1787 1535 1842 imperitet,
1569 1787 1674 1830 haec
1704 1801 1834 1843 conq

310 1866 516 1920 tradique
557 1867 603 1907 in
644 1880 739 1908 rem
768 1867 935 1921 fuerit,
968 1867 1073 1920 quia
1097 1867 1237 1922 pauci
1255 1867 1503 1922 prudentia
1534 1867 1712 1910 honesta
1742 1866 1800 1911 ab
1837 1887 1848 1903 t

309 1945 559 1995 terioribus,
604 1945 734 1988 utilia
770 1946 825 1988 ab
858 1947 1004 1988 noxiis
1034 1947 1300 1997 discernunt,
1325 1947 1484 2002 plures
1514 1947 1709 1990 aliorum
1739 1960 1843 1992 even

307 2024 559 2067 docentur.”

326 2134 328 2138 v
369 2104 507 2146 Paulo
559 2104 818 2160 diligentius
866 2106 1005 2148 verba
1052 2111 1211 2148 notata
1256 2106 1559 2161 inspiciamus,
1608 2106 1766 2161 quanti
1810 2106 1848 2149 si

308 2185 527 2226 momenti
569 2185 627 2226 ad
668 2185 815 2227 Taciti
849 2186 1085 2228 consilium
1118 2186 1462 2241 intelligendum
1493 2185 1747 2241 apparebit.
1781 2182 1840 2229 N'

306 2264 569 2306 Boissierius
602 2266 859 2320 nuperrime
893 2266 1067 2320 (Revue
1100 2267 1143 2308 d.
1177 2267 1299 2314 deux
1328 2256 1520 2307 Mondes
1554 2275 1599 2319 15
1631 2266 1754 2308 Mars
1835 2271 1836 2274 ’

307 2359 350 2399 p.
388 2345 488 2400 345)
521 2346 578 2387 de
610 2346 663 2386 iis
695 2347 917 2388 disserens
951 2360 1040 2388 non
1073 2347 1181 2388 satis
1207 2352 1416 2389 accurate
1444 2360 1597 2388 veram
1623 2359 1780 2388 eorum

307 2424 565 2479 explorasse
598 2426 790 2468 videtur.
1597 2482 1601 2487 1
1771 2478 1795 2483 Ἥ

366 2504 463 2545 Nisi
505 2506 782 2547 adiectivum
823 2506 1001 2548 honesta
1043 2512 1162 2548 esset
1197 2506 1418 2555 additum,
1452 2510 1682 2559 utcunque
1713 2517 1788 2547 cre

306 2597 540 2638 possemus
583 2585 654 2627 hic
697 2587 742 2628 z'n
784 2587 1038 2628 universum
1082 2586 1246 2627 mentis
1278 2586 1502 2627 humanae
1523 2584 1682 2626 ¹notari
1714 2580 1793 2627 infi

304 2668 461 2704 tatem.
496 2665 615 2706 Nam
642 2666 751 2719 quid
782 2666 979 2720 prudens
1007 2666 1078 2715 sit,
1106 2666 1214 2720 quid
1244 2665 1442 2706 deterius
1470 2665 1512 2719 (i.
1538 2678 1577 2706 e.
1606 2664 1785 2719 imprud

305 2744 414 2796 quid
448 2744 570 2794 utile,
604 2746 713 2798 quid
747 2746 935 2786 noxium
966 2746 1011 2786 z'n
1043 2745 1278 2799 republica,
1314 2744 1554 2799 plerosque
1587 2743 1714 2798 fugit,
1742 2755 1773 2798 q

304 2835 440 2875 quam
482 2837 661 2878 semper
702 2830 855 2866 tamen
899 2825 1031 2879 pauci
1074 2824 1282 2879 pluresve
1322 2823 1514 2873 fuerunt,
1548 2823 1625 2877 qui
1655 2823 1701 2864 in
1733 2821 1791 2864 ha

302 2902 463 2943 ceteris
496 2903 670 2944 civibus
702 2904 802 2958 plus
835 2904 1063 2946 callerent.
1097 2903 1188 2946 Sed
1222 2904 1405 2958 quando
1432 2902 1601 2944 factum
1630 2907 1699 2944 est
1724 2907 1775 2944 ut

303 2994 372 3021 res
414 2994 550 3035 quam
595 2982 686 3024 ullo
728 2983 816 3024 alio
848 2989 1056 3038 tempore
1089 2983 1219 3024 huius
1252 2983 1315 3024 rei
1347 2982 1474 3023 inscii
1506 2979 1684 3024 essent?
1717 2980 1837 3023 Nem
