2040 3412
1063 269 1180 341 ‘156

338 406 545 447 decretis.
590 405 680 448 Sed
724 407 824 460 quis
867 408 1023 449 credat
1065 422 1168 449 eum
1210 416 1381 450 cunctos
1417 408 1569 450 necari
1598 408 1776 451 iussisse
1806 409 1998 470 quod

338 492 456 528 esset
497 487 711 529 irritatus
751 488 1009 543 suppliciis?
1052 489 1353 530 Barbarorum
1396 489 1662 530 immanium
1699 489 1820 532 istud
1851 480 2001 541 estse?

275 625 277 627 ι
337 566 408 607 vel
451 567 602 621 potius
640 566 833 609 ferarum
865 568 1127 618 bestiarum,
1161 583 1252 610 non
1284 568 1494 619 hominis,
1527 582 1664 623 quem
1697 570 1755 611 ad
1787 575 1936 613 extre·
1990 562 2001 622 “-

337 659 457 687 mam
501 660 642 701 usque
684 653 966 689 senectutem
1009 662 1145 690 sanae
1181 648 1450 702 sobriaeque
1491 649 1655 691 mentis
1687 650 1936 698 admodum

338 725 529 767 multum
571 726 807 769 retinuisse
851 727 922 769 vel
966 742 1053 769 una
1085 727 1160 770 illa
1195 729 1478 770 demonstrat
1510 728 1703 783 epistola
1734 729 1936 785 capitum

340 814 360 858 5
397 819 478 859 sq„
513 819 650 859 quam
683 807 822 848 modo
854 806 1150 848 laudavimus.
1983 862 2003 866 ,⁷

397 883 487 927 Sed
519 886 628 939 quid
661 886 877 929 adversus
909 887 1119 929 Tacitum
1151 888 1209 928 ad
1243 893 1495 929 extremam
1528 887 1698 930 Tiberii
1731 873 1958 944 provoco‘

335 964 645 1007 senectutem?
693 965 776 1007 Illo
819 967 940 1008 enim
982 972 1099 1008 teste
1142 951 1198 1008 ne
1242 967 1418 1022 integra
1458 969 1643 1022 quidem
1685 973 1838 1012 aetate
1878 982 1934 1012 ae
1992 970 2017 1019 J

337 1044 595 1087 valetudine
624 1046 681 1100 (v,
711 1045 835 1088 Suet.
864 1046 966 1087 Tib.
995 1060 1032 1088 c.
1068 1046 1132 1101 11)
1160 1047 1368 1089 Tiberius
1396 1047 1527 1089 ullius
1551 1061 1750 1103 unquam
1773 1061 1934 1104 peper-
1984 1060 2007 1101 s

335 1126 397 1166 cit
440 1125 574 1179 vitae,
618 1140 754 1180 quem
798 1127 855 1168 de
894 1127 1045 1168 medio
1078 1127 1175 1168 tolli
1209 1142 1233 1169 e
1265 1141 1345 1169 sua
1378 1141 1424 1169 re
1457 1141 1554 1169 esse
1585 1129 1830 1171 statuisset.
1863 1129 1936 1172 In·

338 1206 462 1260 spice
506 1207 644 1248 modo
687 1220 724 1248 c.
770 1218 839 1257 21,
880 1207 955 1249 ubi
989 1208 1221 1262 quomodo
1254 1208 1614 1259 mathematicos,
1647 1222 1762 1264 quos
1793 1222 1936 1252 vanos

336 1285 736 1341 fraudulentosque
764 1288 1066 1342 cognovisset,
1096 1288 1153 1329 de
1182 1288 1368 1343 rupibus
1395 1289 1511 1330 deici
1534 1289 1742 1331 Tiberius
1758 1289 1936 1332 iusserit
1986 1277 2010 1334 {³

335 1365 539 1420 legimus.
574 1367 735 1422 Neque
767 1368 906 1409 semel
941 1381 1044 1409 eum
1077 1368 1161 1410 hac
1194 1369 1369 1410 ratione
1402 1382 1531 1410 usum
1563 1369 1644 1411 sed
1671 1369 1934 1425 saepissime

335 1459 393 1486 ex
425 1446 524 1500 ipso
556 1447 825 1488 narrationis
857 1448 1006 1489 initio:
1046 1449 1249 1502 „quoties
1276 1462 1410 1503 super
1438 1448 1516 1490 tali
1544 1449 1730 1504 negotio
1756 1448 1938 1492 consuls>

334 1525 481 1567 taret⁹⁹
514 1526 792 1568 efficeremus
820 1560 978 1569 ......
1006 1528 1089 1569 nisi
1117 1528 1380 1570 incredibile
1409 1528 1541 1570 nobis
1568 1529 1798 1572 videretur
1823 1530 1930 1572 vivo

333 1605 471 1647 etiam
500 1612 546 1647 et
571 1606 824 1661 imperante
853 1607 1063 1662 Augusto
1090 1614 1268 1649 tantum
1296 1608 1473 1650 licuisse
1500 1609 1686 1659 homini,
1711 1608 1788 1664 qui
1810 1609 1928 1651 adeo

332 1691 452 1726 esset
492 1686 755 1740 imperatori
797 1693 1032 1742 suspectus
1075 1688 1146 1730 vel
1189 1689 1371 1738 invisus,
1415 1694 1464 1730 ut
1506 1702 1533 1730 a
1568 1688 1850 1743 „voluntario
1880 1690 1927 1732 in
1959 1681 2015 1725 2³

333 1766 523 1807 insulam
556 1781 795 1809 amoenam
827 1767 1035 1810 secessu”
1064 1768 1141 1823 (sic
1169 1769 1290 1810 enim
1317 1768 1500 1810 exilium
1527 1768 1636 1811 illud
1665 1769 1928 1813 diuturnum
1968 1765 2001 1823 f

331 1846 594 1901 appellabat
627 1847 849 1902 Tiberius)
884 1848 923 1889 ei
957 1862 1038 1903 per
1071 1848 1236 1890 multos
1267 1862 1411 1890 annos
1443 1849 1588 1890 redire
1620 1862 1720 1891 non.
1743 1849 1931 1904 permit·

331 1931 514 1975 teretur,
547 1927 654 1968 licet
685 1927 965 1982 supplicibus
996 1928 1142 1970 adiret
1174 1928 1432 1982 Augustum
1465 1928 1688 1983 precibus.
1979 1985 1983 1987 Α

393 2007 494 2048 Hoc
535 2013 688 2049 tamen
725 2013 918 2057 constat,
951 2008 1009 2049 ad
1044 2007 1225 2049 ultimos
1256 2007 1426 2049 Tiberii
1458 2021 1602 2049 annos
1633 2021 1736 2050 cum
1769 2021 1926 2063 perve-
1975 2004 2012 2054 ’ἐζ

331 2088 447 2128 nerit
486 2087 683 2137 Tacitus,
720 2102 988 2130 coacervare
1021 2102 1123 2129 eum
1156 2089 1310 2130 omnia
1341 2102 1639 2142 quaecunque
1671 2077 1928 2143 legentibus

331 2181 468 2221 quam
513 2168 709 2209 maxime
741 2169 935 2210 invisum
968 2169 1268 2222 odiosumque
1301 2168 1553 2222 principem
1587 2167 1796 2218 reddant,
1827 2172 1926 2209 tum

330 2247 572 2302 praecipue
604 2261 791 2302 operam
823 2248 930 2289 dare
963 2261 1067 2288 eum
1100 2253 1148 2288 ut
1181 2248 1349 2302 ubique
1380 2246 1727 2296 simulationem,
1755 2245 1929 2301 gloriae

329 2328 542 2377 studium,
577 2328 757 2369 aliudve
784 2328 1062 2382 suspicemur
1091 2329 1255 2369 mentis
1282 2328 1454 2377 vitium,
1482 2326 1589 2368 licet
1615 2340 1672 2368 ne
1698 2325 1952 2380 levissima,

330 2408 515 2461 quidem
541 2408 659 2449 adsit
685 2407 845 2462 culpae
871 2409 1059 2462 species,
1087 2408 1167 2448 sed
1195 2408 1347 2449 omnia
1371 2406 1568 2461 aliquam
1592 2406 1686 2447 eius
1706 2405 1922 2470 virtutem
1958 2404 1977 2418 “

330 2488 570 2542 designent
602 2488 766 2542 potius.
801 2487 940 2529 Velut
974 2488 1060 2528 hoc
1093 2493 1161 2528 est
1194 2488 1316 2541 quod
1350 2501 1387 2528 c.
1420 2495 1475 2539 45
1512 2491 1736 2527 narratur:

395 2568 549 2620 „Idem
593 2581 735 2609 annus
765 2568 891 2622 gravi
924 2568 1027 2622 igne
1061 2567 1219 2608 urbem
1252 2566 1419 2617 adficit,
1454 2566 1613 2608 deusta
1643 2570 1772 2620 parte
1803 2563 1928 2619 circi,-

329 2661 444 2700 quae
479 2647 712 2688 Aventino
745 2647 970 2701 contigua,
1005 2647 1195 2701 ipsoque
1227 2644 1505 2688 Aventino.”

389 2726 509 2780 Quid
542 2733 639 2768 tum
672 2726 903 2768 Tiberius?
932 2727 1096 2780 Ingens
1123 2726 1231 2767 illud
1261 2726 1476 2767 damnum
1505 2737 1682 2765 summa
1707 2716 1995 2789 compen-32³2

328 2806 444 2846 savit
462 2806 743 2860 benignitate
762 2805 1173 2859 munificentiaque.
1192 2805 1449 2846 Laudarine
1467 2817 1584 2845 nunc
1603 2816 1704 2844 eum
1723 2791 1984 2866 aTacitct=,.³}j{¹

328 2883 486 2938 putas?
515 2885 661 2926 Immo
689 2899 820 2926 vero:
850 2885 961 2926 haec
990 2898 1172 2938 quoque
1200 2898 1270 2925 res
1293 2883 1533 2925 accusandi
1556 2875 1981 2949 reprehendendi·j{v

329 2964 659 3017 perstringendi
704 2964 893 3019 praebet
931 2965 970 3004 ei
1007 2963 1283 3005 facultatem.
1318 2962 1391 3004 Sic
1424 2962 1543 3004 enim
1577 2948 1986 3026 porro-narrat‘x-'gj
