2040 3412
1077 290 1163 332 280

308 418 370 453 'ea
400 410 640 465 significari
674 409 916 465 putemus?
959 410 1026 452 At
1057 417 1155 452 tota
1185 411 1297 453 haec
1331 410 1600 453 deliberatio
1633 411 1800 453 ducum
1830 415 1915 463 est»,
1962 423 1965 425 ·

317 505 408 532 non
451 492 660 541 universi,
705 497 755 533 ut
798 491 973 546 opinor,
1009 491 1247 533 exercitus.
1280 491 1453 533 Verum
1485 491 1585 546 lege
1617 475 1735 546 ipsa:
1761 487 1939 534 omnia

316 584 425 612 sana
467 572 734 635 integraq‘ue
778 577 932 612 erunt:
977 577 1073 612 tum
1116 571 1236 612 enim
1278 572 1373 624 ipffl
1406 572 1542 626 regio,
1576 571 1603 612 i.
1637 584 1676 612 e.
1709 570 1834 625 regio
1866 569 1938 612 in‘

317 664 407 704 qua
448 664 550 691 cum
596 651 793 692 maxime
834 651 1010 697 sedent,
1053 656 1312 705 opponetur
1350 651 1507 692 Italiae
1539 656 1586 692 et
1617 650 1915 705 Appennino,
1953 710 1955 712 q
1985 678 1994 704 ·.

316 730 393 771 ubi
426 730 635 784 graviora
666 731 803 772 etiam
837 731 922 773 sibi
955 731 1221 785 impendere
1255 730 1454 785 pericula
1485 731 1783 785 suspicantur.

378 889 436 930 H.
471 890 552 940 III,
588 891 656 944 56.
701 891 895 933 Romam
936 891 1176 933 revertitur
1208 891 1434 941 Vitellius,
1468 892 1525 933 de
1556 903 1637 933 sua
1669 903 1804 933 causa
1834 891 1913 933 dez-

316 983 515 1023 sperans,
556 970 791 1025 otioseque
825 971 887 1012 ibi
920 971 1110 1020 desidet,
1145 959 1248 1012 cum
1280 962 1434 1012 tamen
1467 970 1726 1025 peritissimi
1758 974 1916 1012 centu·

317 1049 494 1091 rionum
535 1050 712 1091 fortiter
754 1051 935 1104 agendo
967 1056 1114 1092 totam
1148 1064 1242 1092 rem
1276 1051 1451 1092 restitui
1485 1063 1616 1105 posse
1650 1048 1911 1099 clamarent,
1957 1055 1962 1066 ‘
1990 1027 1992 1031 μ

318 1130 455 1184 idque
489 1131 626 1171 etiam
659 1131 806 1185 ipsum
839 1130 1075 1172 Vitellium
1109 1131 1274 1172 docere
1306 1130 1547 1185 gestirent:

376 1210 579 1252 Arcuere
608 1224 685 1252 eos
717 1211 863 1252 intimi
891 1211 1140 1252 amicorum
1169 1209 1357 1260 Vitellii,
1386 1210 1449 1251 ita
1478 1209 1681 1252 formatis
1699 1208 1917 1264 principis

319 1291 500 1332 auribus
542 1297 592 1332 ut
632 1305 806 1345 aspera,
839 1305 955 1346 quae
987 1291 1127 1341 utilia,
1161 1304 1244 1333 nec
1277 1291 1520 1345 quicquam
1553 1290 1637 1332 nisi
1667 1289 1915 1332 iucundum
1978 1282 2000 1322 Γ

321 1376 366 1412 et
398 1371 622 1412 laesurum
654 1370 926 1425 acciperet.”

380 1451 466 1492 Pro
497 1458 671 1504 aspera,
705 1451 829 1504 quod
862 1451 982 1492 haud
1017 1450 1153 1492 dubie
1181 1455 1444 1504 corruptum
1473 1449 1600 1504 (nihil
1627 1422 1748 1491 enim
1774 1447 1916 1491 habet
1979 1462 1987 1467 ”

319 1544 411 1584 quo
444 1530 692 1585 referatur),
720 1530 855 1585 vulgo
884 1530 1098 1584 recipitur
1125 1530 1472 1584 Bipontinorum
1500 1528 1722 1571 correctio
1745 1535 1913 1584 aspere.

319 1610 386 1651 At
429 1624 548 1651 nunc
591 1610 635 1651 in
678 1609 822 1651 altero
865 1610 1118 1650 sententiae
1162 1609 1390 1650 membro:
1439 1622 1548 1662 „nec
1579 1608 1823 1663 quicquam
1855 1631 1913 1639 —-

320 1689 578 1744 acciperet⁹⁹
612 1695 764 1730 mente
798 1689 942 1738 nobi5‚
976 1689 1021 1730 id
1055 1689 1178 1742 quod
1211 1689 1461 1730 admodum
1495 1689 1670 1738 durum,
1701 1687 1915 1744 supplen-

320 1771 428 1811 dum
476 1775 544 1811 est
590 1769 785 1811 lubenter
831 1769 1011 1811 aliudve
1058 1769 1327 1810 adverbium
1374 1770 1419 1810 in
1466 1769 1584 1810 hanc
1625 1769 1914 1811 sententiam.

320 1850 584 1891 Lacunosus
615 1848 741 1890 locus
773 1854 856 1899 est,
890 1849 969 1889 sed
998 1861 1170 1903 paucae
1197 1854 1375 1890 tantum
1403 1848 1671 1890 exciderunt
1696 1846 1915 1891 literulae.

320 1927 510 1983 Scripsit
528 1930 648 1970 enim
667 1928 875 1970 Tacitus:
909 1933 983 1981 „ut
999 1935 1320 1981 aspernaretur
1337 1942 1453 1982 quae
1471 1927 1626 1970 utilia”
1647 1927 1692 1983 ¹).
1720 1928 1915 1984 Egregie

319 2009 436 2049 inter
468 2022 515 2050 se
547 2009 819 2062 aspernandi
848 2013 895 2049 et
926 2008 1168 2063 accipiendi
1198 1993 1341 2050 verba
1369 2013 1676 2063 opponuntur.

379 2168 437 2209 H.
471 2169 552 2218 ΙΙΙ,
586 2169 657 2210 61.
691 2158 938 2222 Postquam
970 2169 1168 2210 narravit
1201 2169 1258 2209 de
1286 2168 1512 2223 praesidio
1537 2169 1738 2222 quodam
1766 2168 1912 2211 Vitel-

317 2247 451 2297 liano,
496 2249 619 2302 quod
662 2248 854 2302 turpiter
895 2262 943 2289 se
986 2247 1191 2289 hostibus
1233 2248 1423 2298 dedidit,
1467 2249 1524 2289 de
1561 2247 1911 2309 Vitellianorum

319 2327 511 2368 militum
547 2328 747 2368 moribus
779 2328 824 2368 in
857 2327 1115 2368 universum
1148 2328 1211 2368 sic
1244 2328 1446 2382 disputat
1477 2328 1686 2369 Tacitus:

382 2408 506 2460 „Nec
547 2408 669 2462 apud
704 2407 975 2449 Vitellianos
1008 2407 1165 2461 flagitii
1198 2421 1360 2462 poena,
1393 2414 1439 2450 et
1470 2408 1681 2463 praemiis
1712 2407 1911 2459 defecto·
1979 2398 2017 2414 '⁴

318 2500 416 2528 rum
449 2487 589 2528 verba
621 2486 776 2528 fides.'’

378 2565 464 2606 Pro
497 2566 694 2607 absurdo
725 2566 862 2608 verba
907 2566 1245 2608 Freinshemius
1288 2567 1395 2608 olim
1437 2581 1570 2609 versa
1610 2567 1733 2622 legit,
1774 2571 1913 2622 atque

369 2746 402 2790 Ι)
428 2747 525 2779 Idem
552 2752 632 2790 post
656 2758 723 2791 me,
748 2758 864 2791 neque
891 2752 1006 2780 tamen
1032 2759 1052 2780 a
1075 2759 1130 2781 me
1155 2749 1365 2791 admonitus,
1389 2748 1526 2780 invenit
1551 2753 1586 2780 et
1611 2748 1648 2780 in
1674 2748 1832 2781 thesibus
1853 2747 1916 2782 ad-

316 2803 444 2835 iunctis
479 2805 714 2837 dissertationi
748 2806 788 2838 dc
824 2806 918 2837 ludis
950 2806 1143 2838 Eleusiniis
1175 2806 1309 2849 publici
1341 2806 1424 2838 iuris
1458 2805 1541 2838 fecit
1571 2817 1602 2838 v.
1630 2806 1664 2838 d.
1691 2806 1736 2838 A.
1761 2806 1912 2848 Rutgers

318 2871 385 2892 van
417 2861 479 2893 der
513 2863 622 2895 Loeff.
657 2863 789 2895 Eadem
822 2874 875 2895 res
910 2874 974 2895 usu
998 2864 1096 2896 venit
1119 2864 1328 2896 coniecturis
1354 2863 1544 2906 propositis
1569 2863 1613 2896 ad
1639 2864 1686 2896 H.
1714 2864 1780 2907 111,
1801 2864 1846 2905 63
1871 2861 1908 2908 (e

316 2917 517 2950 victricibus
552 2919 751 2962 legionibus
785 2920 960 2965 cohortes)
995 2922 1027 2952 et
1061 2921 1105 2953 ad
1134 2921 1183 2953 H.
1212 2921 1260 2965 11,
1282 2928 1326 2962 74
1352 2919 1590 2965 (progressum
1618 2925 1722 2964 prout
1742 2920 1854 2954 velint
1874 2923 1911 2954 et

316 2975 395 3017 plus
421 2976 605 3020 minusve).
