2040 3412
1062 326 1142 358 102

363 437 548 478 Tacitus
591 441 750 477 contra
785 436 830 476 in
863 435 940 476 illo
973 436 1157 478 demum
1189 437 1377 479 consilio
1409 437 1604 487 militari,
1636 439 1759 493 quod
1791 444 1946 499 ante&

301 517 447 571 ipsam
491 529 690 570 pugnam
734 515 939 556 habitum
981 515 1038 556 sit
1081 515 1138 570 (v.
1172 530 1210 558 c.
1247 528 1299 570 33
1334 522 1379 558 et
1415 517 1499 572 39),
1536 518 1770 559 decretum
1800 508 1949 570 esse}

300 596 364 636 ait
408 601 457 636 ut
500 594 624 637 Otho
669 594 904 636 Brixillum
937 595 1311 649 proficisceretur,
1343 601 1578 651 tamquam
1610 596 1647 638 si
1678 590 1958 656 hactenus}

301 689 481 730 semper
508 675 552 716 in
581 675 738 716 castris
765 674 995 716 adfuisset.
1028 676 1097 728 „Is
1124 676 1294 730 primus
1322 676 1418 718 dies
1441 675 1725 718 Othonianas
1746 673 1957 741 partes{5

301 754 492 796 afflixit⁹⁹
525 754 638 795 haec
670 759 776 796 sunt
809 755 949 796 verba
981 755 1088 796 eius.
1118 756 1170 797 In
1198 755 1387 798 consilio
1414 756 1610 806 militari,
1643 757 1767 811 quod
1794 762 1966 812 post

302 848 500 890 pugnam
529 835 733 884 habetur,
763 848 851 889 ope
879 835 1208 877 Moesiacarum
1236 837 1466 891 copiarum
1490 836 1716 879 fortunam
1733 821 1973 898 mutari

302 928 434 969 posse
467 913 765 956 declaratur'’.
1855 965 1858 969 .

361 990 449 1034 De'
473 993 572 1047 ipsa
613 994 919 1048 discrepantia
961 994 1071 1035 nihil
1113 975 1238 1036 dico:
1276 995 1435 1036 adesse
1468 1009 1568 1037 earn
1601 996 1702 1050 quis
1732 977 1959 1053 negetYJJ

301 1071 391 1114 Sed
416 1073 539 1126 quod
564 1065 639 1114 illa
661 1073 782 1114 nisus
805 1073 1116 1115 Mommsenus
1133 1075 1371 1116 contendit
1389 1075 1497 1116 mihi
1516 1076 1701 1130 quidem
1717 1059 1958 1135 videtur

300 1151 599 1193 falsissimum.
644 1151 717 1194 Sic
760 1153 880 1193 enim
925 1153 1149 1207 disputat:
1197 1154 1280 1207 „de
1315 1154 1535 1196 industria
1567 1155 1792 1210 quaedam
1822 1155 1898 1199 hic
1923 1143 1978 1215 ξζ

299 1233 460 1273 reticet
493 1232 692 1282 Tacitus,
726 1237 771 1273 et
803 1232 866 1273 sic
897 1238 1045 1274 totum
1073 1233 1130 1275 de
1158 1233 1354 1276 Othonis
1382 1240 1527 1276 morte
1553 1233 1704 1277 locum
1731 1235 1794 1278 ita
1820 1215 1981 1286 de-f‘

300 1317 483 1366 torquet
515 1317 565 1352 ut
598 1312 843 1353 narrationi
870 1313 1070 1365 tragicae
1097 1313 1175 1354 fiat
1202 1314 1363 1367 aptior.
1392 1314 1574 1356 Reticet
1600 1296 1968 1370 quaecunque'ff'*

301 1392 578 1432 documento
605 1397 709 1432 sunt
736 1392 1053 1446 desperatione
1082 1391 1314 1434 Othonem
1339 1393 1398 1434 ad
1423 1398 1616 1434 mortem
1637 1399 1811 1454 actum;
1833 1393 1898 1439 sie

301 1471 373 1512 ille
405 1470 538 1512 heros
570 1470 622 1511 fit
652 1471 862 1525 tragicus,
895 1472 972 1525 qui
1001 1471 1179 1512 duobus
1206 1471 1414 1513 inclaruit
1440 1471 1726 1523 facinoribus,
1753 1470 1898 1515 altero

301 1550 650 1605 flagitiosissimo
677 1551 820 1592 altero
848 1552 1049 1605 egregi05
1078 1551 1270 1592 alterurn
1298 1551 1407 1593 illud
1435 1551 1606 1593 facinus
1634 1551 1898 1595 Plutarchus

301 1644 391 1671 non
423 1631 651 1685 egregium
685 1636 822 1672 vocat
854 1631 948 1680 sed,
984 1631 1126 1672 multo
1161 1632 1471 1682 verecundius,
1505 1630 1836 1685 εὐγενέστερον”.
1971 1617 1981 1692 ζ’

361 1710 448 1751 Hic
477 1709 586 1751 mihi
615 1710 927 1751 Mommsenus
954 1710 1050 1764 ipse
1078 1710 1224 1751 facere
1252 1711 1432 1751 videtur
1455 1711 1579 1764 quod
1601 1711 1763 1754 Tacito
1784 1711 1915 1755 vitio·

300 1789 399 1830 dat:
428 1794 478 1830 ut
505 1788 592 1830 alia
620 1789 821 1838 reticeat,
850 1789 937 1830 alia
965 1789 1260 1844 distorqueat.
1285 1788 1406 1843 Quid
1431 1790 1712 1844 distorqueat
1732 1795 1898 1846 sponte

299 1874 503 1923 apparet,
537 1869 646 1922 quid
681 1869 870 1910 reticeat
902 1869 1080 1910 duobus
1112 1869 1234 1910 hisce
1266 1868 1390 1910 locus
1422 1869 1595 1923 optime
1627 1869 1896 1913 illustratur:
1942 1862 1971 1930 ᾖς’

359 1947 418 1989 A.
447 1947 703 1998 Suetonius,
731 1949 837 1990 licet
865 1949 1044 1990 disertis
1067 1949 1216 1990 verbis
1238 1949 1379 1989 dicat:
1402 1949 1518 1990 nulli
1528 1956 1710 2005 pugnae
1728 1949 1897 2006 adfuit,

300 2026 496 2069 Othonis
530 2034 724 2069 mortem
755 2026 1065 2080 τραγικωτέραν
1099 2028 1238 2069 etiarn
1269 2028 1441 2070 reddit:
1470 2028 1601 2071 affert
1628 2029 1749 2071 enim
1774 2042 1815 2072 c.
1845 2034 1899 2073 10

298 2107 611 2148 testimonium
646 2107 799 2162 (idque
826 2108 898 2150 sui
913 2107 1081 2163 patris)
1112 2106 1343 2149 Othonem
1368 2115 1539 2163 semper
1566 2107 1736 2150 bellum
1763 2099 1896 2160 civile

299 2198 396 2226 esse
449 2185 738 2235 detestatum,
787 2192 834 2227 et
880 2187 1111 2240 quomodo
1161 2186 1332 2228 Othoni
1381 2186 1617 2228 consilium
1663 2187 1731 2228 sui
1776 2187 1896 2230 occi·

299 2264 436 2305 dendi
469 2270 625 2306 natum
658 2265 716 2306 sit
747 2266 1004 2307 narratione
1031 2266 1223 2307 illustrat
1249 2266 1305 2307 ad
1334 2266 1509 2307 animos
1536 2266 1901 2325 commovendos*

298 2344 531 2397 aptissima
553 2343 595 2398 ¹).

359 2424 406 2464 Β.
453 2425 548 2465 Iam
599 2424 816 2483 Martialis
863 2430 1069 2479 tempore
1117 2426 1328 2467 exstabat
1374 2423 1675 2478 „dramatica”
1717 2424 1804 2478 illa,
1832 2424 1892 2468 de
1932 2439 1972 2482 f

300 2502 495 2544 Othonis
529 2509 674 2544 morte
707 2504 862 2558 opinio
895 2505 977 2554 VI,
1013 2515 1089 2558 32:
1778 2489 1790 2492 ,

538 2582 652 2624 Cum
685 2583 911 2626 dubitaret
941 2584 1086 2625 adhuc
1117 2583 1223 2625 belli
1257 2583 1400 2625 civilis
1432 2584 1580 2638 Enyo,

599 2663 809 2704 Forsitan
844 2668 889 2704 et
921 2662 1067 2704 mollis
1097 2664 1270 2705 vincere
1291 2670 1440 2717 posset
1471 2662 1609 2712 Otho,

538 2741 784 2782 Damnavit
817 2741 959 2782 multo
992 2747 1212 2783 staturum
1245 2741 1462 2795 sanguine
1496 2741 1706 2791 Martem,

596 2821 655 2861 Et
689 2820 804 2862 fodit
836 2826 958 2862 certa
990 2826 1177 2875 pectora
1209 2826 1308 2862 tota
1339 2834 1489 2861 manu.

350 2932 384 2975 ι)
417 2932 483 2963 Illa
519 2932 669 2964 narratio
703 2943 776 2964 non
809 2937 860 2965 est
892 2933 987 2975 apud
1021 2933 1180 2965 Tacitum
1213 2943 1255 2965 eo
1289 2933 1379 2976 loco,
1411 2933 1472 2965 ubi
1507 2933 1550 2965 de
1583 2927 1724 2966 Othone
1757 2932 1891 2977 agitu13

298 2988 437 3030 demum
463 2989 529 3031 111,
557 2995 600 3030 54
626 2989 766 3033 legitur⁷
791 2990 853 3022 ubi
879 2990 1015 3023 Vitellii
1040 3001 1093 3022 res
1118 2994 1318 3022 tractantur.
1973 2984 1982 2996 ⁵
