2040 3412
1086 307 1145 363 96

321 427 516 475 deretur,
536 431 591 467 et·
599 440 686 480 qua
694 427 803 481 fere
817 427 1034 468 occasione
1048 426 1169 468 hunc
1187 427 1359 481 ceperit
1376 426 1612 480 impetum,
1628 425 1716 468 hoc
1730 438 1814 481 qu
1834 426 1882 475 «μ’,

320 506 428 546 satis
460 511 528 546 est
560 506 862 560 perspicuum,
894 504 1000 546 licet
1031 504 1277 546 absurdum
1308 505 1366 546 sit
1397 505 1581 547 ardente
1609 505 1735 547 domo
1766 516 1796 547 n

322 585 470 626 adhuc
516 584 814 639 probabiliter
859 585 1167 626 emendatum.
1210 584 1276 625 At
1318 584 1470 626 subito
1511 585 1597 626 ista
1637 585 1777 640 impu
1802 585 1810 592 “

322 666 476 721 cupido
523 678 606 706 nos
649 665 706 706 de
747 664 834 706 alia
875 678 1024 706 rerum
1066 665 1336 706 condicione
1378 665 1577 719 cogitare
1619 664 1770 707 iubet:

324 745 479 787 oculos
510 749 689 786 nostros
716 757 835 786 nunc
861 749 953 786 stat
979 743 1154 798 aliquis,
1182 745 1259 798 qui
1287 750 1337 786 ut
1363 745 1460 799 ipse
1487 744 1698 787 facinoris
1718 763 1746 790 ,ι
1764 764 1775 781 ι
1811 760 1832 781 a

324 824 524 879 effugiat,
565 824 752 866 conscios
792 838 893 866 suos
927 824 1118 866 indicat:
1152 824 1398 866 absurdum
1431 824 1552 865 enim
1585 829 1654 866 est
1685 823 1808 866 con‘

325 904 507 958 aliquod
554 903 740 958 periculi
774 903 974 957 plenum,
1007 904 1129 957 quod
1150 903 1283 963 *nullo
1316 904 1480 945 conscio
1511 904 1699 958 ceperis,
1731 903 1819 946 im·

325 984 432 1025 tatis
457 983 671 1037 cupidine
695 983 879 1024 missum
905 982 1066 1024 facere.
1093 983 1275 1037 Ergone
1292 982 1481 1024 fortasse
1499 983 1640 1024 totius
1656 981 1845 1025 narrati·

327 1063 439 1104 haec
471 1068 539 1104 est
571 1063 818 1104 sententia:
857 1063 971 1115 „iam
1002 1062 1146 1104 multo
1178 1068 1313 1104 antea
1346 1062 1515 1104 Flavus
1540 1062 1662 1104 solus
1686 1060 1864 1104 00113”

326 1149 524 1197 ceperat,
558 1143 634 1184 ubi
668 1143 814 1197 prima
846 1143 1028 1183 daretur
1060 1141 1263 1192 facultas,
1296 1156 1376 1184 sua
1404 1156 1538 1184 manu
1565 1133 1807 1185 occidendi

327 1225 448 1265 ronis
481 1224 558 1277 (sic
591 1229 713 1264 certe
746 1222 923 1277 fertur);
957 1223 1036 1263 sed
1071 1236 1118 1264 re
1150 1223 1402 1264 accuratius
1434 1223 1662 1277 pensitata
1691 1219 1926 1280 melini?

329 1306 475 1346 visum
515 1309 598 1354 est,
631 1317 734 1344 cum
766 1303 875 1352 aliis,
909 1304 946 1344 si
978 1303 1108 1344 huius
1141 1303 1204 1344 rei
1237 1303 1421 1344 daretur
1452 1302 1655 1352 facultas,
1687 1278 1938 1367 0011“33<3ἑι’1’,3”

330 1385 689 1427 communicare:
727 1384 790 1425 sic
823 1384 943 1424 enim
978 1389 1081 1438 post
1113 1384 1260 1424 socios
1292 1383 1432 1425 latere
1465 1397 1512 1424 se
1545 1396 1678 1438 posse
1710 1378 1918 1458 crede}

331 1465 416 1514 vel,
445 1465 479 1505 si
507 1478 577 1506 res
605 1469 765 1505 contra
790 1464 989 1513 caderet,
1017 1463 1117 1505 illos
1145 1464 1358 1513 indicare,
1387 1463 1583 1517 denique
1610 1462 1763 1518 aliquo
1788 1462 1926 1525 Ur

331 1545 416 1586 sibi
450 1558 610 1599 parare
643 1542 1011 1598 impunitatem”?
1859 1528 1913 1544 (33

393 1624 450 1665 A.
491 1623 597 1674 XV,
640 1634 709 1678 71.
754 1623 928 1665 Pisonis
970 1623 1102 1664 sociis
1143 1623 1252 1677 quid
1296 1622 1580 1677 deprehensa
1621 1605 1947 1670 00111111ῈἿ33Ῐ,κ

331 1704 549 1746 acciderit
582 1709 627 1744 et
658 1703 757 1744 aliis
790 1709 1003 1744 narratur.
1027 1703 1177 1744 verbis
1210 1708 1255 1744 et
1288 1702 1434 1744 hisce:

397 1785 462 1837 „E
493 1784 686 1825 tribunis
717 1783 885 1825 Gavius
917 1782 1139 1833 Silvanus,
1173 1783 1382 1837 quamvis
1412 1782 1659 1832 absolutus,
1686 1794 1768 1824 sua
1793 1783 1925 1839 11133

333 1864 519 1914 cecidit;
554 1863 726 1905 Statius
759 1863 994 1904 Proximus
1026 1864 1220 1912 veniam,
1253 1877 1390 1917 quam
1417 1863 1476 1904 ab
1502 1863 1778 1918 imperatore
1810 1847 1934 1906 :was

335 1950 478 1999 perat,
510 1944 712 1985 vanitate
745 1944 893 1984 exitus
926 1943 1170 1997 corrupit”.

398 2023 468 2064 Ne
510 2023 568 2064 de
610 2028 802 2076 utroque
845 2022 942 2064 aliis
984 2022 1133 2063 verbis
1175 2035 1355 2076 prorsus
1397 2022 1519 2064 idem
1550 2025 1819 2072 narraretur,

340 2103 462 2145 docti
506 2103 658 2144 nescio
702 2102 811 2156 quid
855 2103 1072 2143 interesse
1112 2102 1230 2142 inter
1261 2101 1430 2143 absolvi
1459 2107 1506 2142 et
1535 2101 1710 2143 veniam
1740 2092 1950 2165 acci

338 2183 586 2223 commenti
614 2187 731 2223 sunt.
761 2181 826 2222 At
854 2194 939 2235 ego
967 2194 1131 2222 censeo
1158 2187 1308 2222 aetate
1336 2182 1642 2236 imperatoria,
1669 2181 1838 2237 pra-ms
1862 2162 1945 2245 3ᾯ333

338 2267 490 2304 autem
533 2261 786 2316 imperante
830 2260 1027 2310 Nerone,
1070 2260 1204 2315 plane
1246 2261 1410 2302 eodem
1453 2266 1694 2316 utrumque
1725 2253 1930 2308 redlifsf„

339 2354 477 2395 quem
510 2354 600 2382 non
634 2341 730 2395 ipse
763 2341 1010 2394 imperator
1043 2339 1316 2380 incolumem
1350 2353 1446 2381 esse
1480 2340 1589 2390 vult,
1616 2340 1674 2382 de
1700 2353 1756 2382 eo
1782 2353 1810 2382 a

339 2426 420 2461 est.
465 2420 626 2461 Restat
667 2433 775 2473 ergo
818 2425 867 2460 ut
909 2432 1000 2459 non
1043 2419 1165 2459 idem
1207 2432 1305 2459 esse
1347 2424 1598 2460 statuamus
1629 2418 1926 2476 quotisvern'fi⁴

340 2515 421 2541 sua
462 2514 596 2541 manu
638 2499 790 2540 cecidit
823 2503 869 2539 et
901 2498 1024 2552 quod
1059 2497 1209 2538 verbis
1239 2499 1437 2540 vanitate
1467 2499 1613 2540 exitus
1643 2490 1951 2559 significa-134

343 2580 504 2633 Neque
552 2585 660 2620 tunc
708 2577 972 2619 incredibile
1019 2577 1189 2630 aliquid
1238 2578 1499 2619 statuimus:
1548 2591 1653 2620 nam
1699 2578 1798 2636 ipsa

341 2660 518 2700 vanitas
544 2659 827 2699 demonstrat
854 2670 946 2697 non
974 2657 1078 2697 ideo
1105 2657 1375 2710 reprehendi
1402 2657 1640 2698 Proculum
1666 2656 1804 2711 quod,

343 2739 494 2779 vivere
529 2743 695 2792 posset,
730 2737 843 2777 mori
877 2735 1096 2784 maluerit,
1126 2736 1206 2777 sed
1233 2736 1356 2789 quod
1384 2736 1460 2777 illo
1485 2737 1609 2778 modo
1637 2723 1926 2798 mortuusfgg’

345 2819 440 2859 Iam
481 2818 555 2858 ille
594 2818 755 2858 modus
787 2817 887 2871 quis
920 2816 1052 2857 fuerit
1085 2829 1167 2856 nos
1198 2815 1332 2856 latet:
1366 2829 1470 2857 cum
1501 2815 1659 2858 ultima
1691 2814 1930 2860 Annali

346 2903 473 2951 parte
499 2897 615 2937 illius
638 2897 702 2937 rei
726 2897 922 2937 narratio
948 2895 1100 2949 periit;
1125 2909 1263 2936 unum
1280 2894 1367 2937 hoc
1385 2909 1561 2936 sumere
1577 2895 1684 2937 licet
1702 2893 1909 2940 Procul

346 2978 403 3017 ad
443 2976 762 3016 ostentandam
795 2976 1008 3016 virtutem
1041 2974 1197 3015 inutile
1229 2974 1413 3028 aliquod
1445 2975 1608 3016 adiisse
1641 2973 1816 3029 pericul
