2040 3412
296 1211 300 1213 ’
354 1210 442 1252 alia
474 1216 520 1251 et
551 1210 664 1252 haec
697 1211 958 1252 traduntur:

1109 290 1192 346 278

333 413 530 467 'Nempe
560 412 683 454 idem
713 411 909 453 Rubrius
937 410 1104 461 Gallus,
1133 412 1190 453 de
1217 425 1308 466 quo
1335 412 1379 453 in
1403 411 1782 466 praecedentibus
1797 384 1966 455 sermv

351 498 432 534 est.
459 492 550 535 Sed
578 492 665 533 hoc
694 492 847 533 durius
873 492 997 546 quod
1020 492 1284 534 admonendi
1306 492 1496 534 verbum
1524 492 1595 533 hic
1624 492 1843 546 primum:
1875 490 1983 548 „im

352 572 617 614 memoriam
661 570 904 612 revocare”
945 571 1181 625 significat,
1216 572 1380 613 deinde
1418 570 1717 624 „adhortari”.
1753 554 1988 629 Utriquej

352 651 471 694 malo
515 651 783 700 medeberis,
827 651 862 691 si
906 651 1128 692 excidisse
1171 664 1336 705 paucas
1368 650 1567 692 literulas
1598 656 1783 701 statues,
1817 632 1986 709 Taci-‘i-

350 737 540 786 tumque
573 745 656 786 pro
688 731 1006 773 admonebatur
1037 731 1289 785 scripsisse:
1323 731 1559 773 admonens
1588 730 1872 774 hortabatur.
1910 774 1918 786 ὲ
1974 721 1996 783 f

415 891 472 932 H.
508 891 588 941 III,
624 902 664 932 2.
709 891 760 932 In
803 871 1005 932 exercitu
1043 890 1264 932 Flaviano
1297 896 1402 932 sunt
1435 891 1511 945 qui
1544 890 1813 933 morandum
1845 890 1996 953 Cen-2⁷:

353 977 482 1013 seant
514 977 561 1012 et
594 970 792 1012 Muciani
821 958 1181 1025 exspectandum
1209 971 1473 1012 exercitum.
1507 970 1574 1012 At
1600 970 1831 1012 Antonius
1858 969 1951 1014 Pri-
1964 955 1999 1023 ’J

355 1065 473 1101 muS‚
518 1028 591 1093 vir
627 1052 869 1094 acerrimus
914 1065 1157 1105 moraeque
1200 1051 1462 1106 impatiens,
1505 1050 1810 1094 festinandum
1852 1051 1994 1108 esse-J*

353 1131 520 1172 clamat
561 1136 607 1172 et
651 1130 784 1172 celeri
825 1130 998 1185 impetu
1031 1129 1358 1185 opprimendos
1390 1130 1557 1172 hostes.
1592 1130 1702 1172 Eius
1734 1128 1872 1173 verba
1903 1134 1998 1204 etr&-

419 1290 543 1344 „Nisi
576 1291 676 1345 quis
709 1291 886 1341 retinet,
921 1291 1044 1332 idem
1075 1304 1230 1332 suasor
1261 1296 1511 1345 auctorque
1542 1291 1716 1333 consilii
1748 1290 1871 1334 ero.’'

416 1371 577 1426 Inepte
610 1370 680 1412 bis
712 1371 834 1412 idem
862 1371 933 1412 hic
962 1371 1051 1412 dici
1079 1370 1204 1425 (quid
1235 1371 1355 1412 enirn
1382 1371 1500 1413 inter
1524 1385 1751 1415 suasorem
1778 1376 1825 1414 et
1849 1384 1952 1416 auc-

317 1442 323 1451 ’
357 1459 494 1493 torem
524 1451 712 1492 interest
725 1449 755 1504 ?)
788 1451 960 1492 dudum
987 1456 1056 1492 est
1083 1450 1379 1493 intellectum.
1413 1451 1484 1500 En
1517 1451 1681 1495 iterum
1708 1436 2001 1514 Leopoldis

358 1531 445 1573 mei
486 1531 717 1585 ingenium
750 1530 1107 1585 elucet!'Vu1go
1140 1531 1260 1572 enim
1292 1530 1511 1585 probatur
1543 1531 1698 1574 Iacobi
1729 1525 1999 1585 correctiof':

361 1624 542 1664 „suasor
568 1610 817 1664 actorque”.
845 1610 912 1652 At
939 1611 1044 1652 vide
1071 1616 1242 1665 quanto
1259 1611 1305 1652 et
1323 1610 1548 1665 elegantia
1565 1611 1611 1653 et
1628 1610 1960 1666 probabilitate
1991 1604 2001 1646 f

359 1690 475 1732 illius
503 1696 703 1745 praestet
731 1682 1227 1744 emendatio:*„auctor
1254 1691 1516 1745 actorque”.
1550 1691 1665 1734 Cum
1692 1691 2014 1747 explicandi

356 1784 491 1812 causa
531 1784 691 1812 suasor
735 1770 891 1812 fuisset
931 1771 1301 1826 suprascriptum,
1345 1771 1671 1814 vocabulorum
1710 1777 1805 1815 tam
1836 1771 2009 1819 inter

356 1864 404 1892 se
436 1850 650 1892 similium
682 1849 874 1891 alterum
908 1850 982 1892 illa
1014 1851 1312 1892 annotatione
1345 1865 1370 1892 e
1397 1857 1526 1893 textu
1552 1850 1791 1907 expulsum
1818 1857 1888 1895 est
1908 1849 1957 1908 ι).

418 2009 477 2051 H.
521 2009 603 2059 III,
642 2021 714 2062 41.
758 2009 927 2051 Fabius
960 2009 1132 2051 Valens
1171 2010 1406 2052 Vitelliani
1449 2011 1674 2053 exercitus
1715 2011 1810 2054 dux
1850 2024 1955 2057 cum
1984 2071 1986 2073 V

358 2090 513 2144 paucis
545 2088 809 2130 cohortibus
837 2090 882 2130 in
912 2089 1139 2131 Etruriam
1168 2090 1304 2140 venit,
1330 2090 1407 2131 ubi
1433 2091 1617 2145 cognito
1635 2090 1954 2138 Cremonensis
1980 2074 1995 2133 ³⁵>

359 2169 516 2224 proelii
550 2169 674 2210 exitu
707 2169 943 2211 consilium
975 2170 1145 2224 arripit,
1180 2170 1318 2223 quod,
1349 2170 1387 2211 si
1415 2175 1696 2221 maturasset,
1723 2170 2003 2218 funestum·

358 2249 764 2304 reipublicae‘esse
796 2249 1032 2304 potuisset,
1066 2263 1231 2304 nempe
1263 2255 1335 2291 ut:

422 2329 638 2383 „arreptis
670 2329 860 2370 navibus
892 2330 937 2370 in
965 2342 1283 2383 quamcunque
1310 2335 1486 2384 partem
1513 2330 1824 2372 Narbonensis
1849 2342 1963 2385 pro--

359 2409 533 2450 vinciae
581 2421 785 2462 egressus
827 2407 995 2450 Gallias
1037 2414 1083 2450 et
1125 2409 1350 2451 exercitus
1391 2414 1438 2450 et
1481 2409 1750 2452 Germaniae
1773 2396 2009 2471 gentas,

359 2501 620 2542 novumque
654 2487 823 2529 bellum
856 2487 1040 2529 cieret.”
1783 2470 1793 2474 ῃ
1954 2470 1957 2474 s

418 2566 566 2621 Quam
600 2567 741 2608 multa
773 2567 845 2609 hic
877 2573 1211 2617 enumerantur,
1247 2567 1318 2609 vel
1351 2568 1502 2622 potius
1523 2567 1671 2610 *balbo
1702 2581 1781 2610 ore
1812 2556 2009 2625 effun-ss·

359 2646 540 2687 duntur.
581 2647 652 2687 De
694 2647 965 2700 quibusnam
997 2647 1069 2689 hic
1101 2647 1363 2690 exercitibus
1394 2648 1687 2702 cogitandum
1719 2646 1816 2690 est?
1847 2627 2012 2710 Ipsef}

358 2731 601 2766 contextus
634 2726 765 2767 nobis
793 2726 1039 2768 Galliarum
1067 2727 1218 2768 nescio
1246 2740 1361 2793 q‘uos
1387 2727 1611 2768 exercitus
1637 2726 1856 2769 obtrudit.
1890 2714 2017 2775 ΕΚ

360 2804 628 2846 Germaniae
651 2806 854 2860 gentibus
881 2807 990 2860 quid
1019 2807 1090 2848 hic
1113 2806 1354 2849 faciamus?
1382 2808 1688 2862 Fingamusne
1705 2806 1950 2851 Valentem
1968 2807 2013 2879 ᾖξ’

411 2974 445 3018 1)
470 2975 563 3008 Illud
587 2981 710 3009 auctor
735 2982 896 3020 actorque
921 2977 1048 3021 legitur
1072 2982 1106 3011 et
1130 2978 1225 3021 apud
1251 2977 1438 3022 Nepotem,
1462 2979 1536 3011 Att.
1563 2986 1597 3020 3.
