2040 3412
886 268 942 322 89

86 399 196 440 „nec
238 385 418 435 referre,
463 385 700 427 Vitellium
734 401 791 428 an
825 386 1058 429 Othonem
1090 388 1381 442 superstitem
1414 387 1594 429 fortuna
1628 386 1689 428 fa·

81 465 250 509 ceret”.
293 465 383 508 Cur
424 479 532 520 ergo
564 466 667 508 belli
696 467 864 508 exitum
898 468 1259 522 exspectandum
1292 466 1538 509 censeant?
1571 466 1691 508 Nam

23 547 31 574 ’-
80 543 156 588 ille
182 543 450 587 alterutrum
474 544 611 586 faciet
636 546 874 587 victorem.
900 547 1034 588 Nova
1058 560 1168 600 ergo
1191 547 1419 588 sententia
1445 546 1516 588 vel
1541 547 1691 588 verbis

23 642 41 685 1
79 623 293 668 ¹bellorum
335 625 532 667 civilium
576 625 649 666 vel
688 625 790 667 belli
820 626 966 667 civilis
997 627 1170 680 incipit.
1205 626 1536 680 Quamcunque
1570 627 1691 667 enim

81 705 325 759 recipimus
357 704 617 754 lectionem,
651 706 815 746 eadem
843 706 997 746 evadit
1025 707 1264 755 sententia,
1295 720 1412 760 quae
1441 719 1607 747 verane
1635 719 1692 746 an

12 810 35 840 χ
81 782 194 827 falsa
223 784 282 825 sit
316 798 435 826 nunc
470 798 560 825 non
595 785 796 839 disputo.

24 851 25 854 Ἴ
143 864 203 907 Η.
235 865 294 914 ΙΙ,
334 865 398 907 16.
445 865 655 907 Pacarius
698 865 909 907 Corsicae
951 872 1218 920 procurator
1258 867 1303 907 in
1344 866 1485 908 verba
1518 865 1692 907 Vitellii

16 931 39 969 's
81 944 228 987 iurare
271 944 454 995 incolas,
493 945 654 986 occisis
687 945 739 986 iis
772 946 849 999 qui
884 946 1092 987 resistere
1127 946 1311 995 audent,
1346 946 1482 999 cogit.
1518 945 1582 987 At
1616 946 1692 986 ubi

82 1023 190 1068 belli
239 1025 532 1067 incommoda
579 1026 835 1067 sentiuntur
878 1032 924 1067 et
966 1039 1104 1080 quam
1150 1040 1293 1081 prope
1334 1026 1453 1067 absit
1498 1025 1694 1068 Othonis

12 1136 20 1164 3
83 1104 237 1150 classis
254 1111 502 1160 reputatur,
523 1106 760 1160 poenitere
779 1106 901 1147 cives
919 1107 1052 1146 nimis
1071 1106 1267 1147 festinati
1289 1106 1495 1159 obsequii
1513 1105 1695 1159 incipit:

147 1185 234 1239 „Et
277 1186 423 1227 aversi
466 1191 655 1240 repente
700 1187 854 1235 animi,
899 1199 982 1227 nec
1026 1192 1180 1227 tamen
1225 1192 1383 1240 aperta
1428 1186 1492 1226 vi:
1535 1190 1694 1239 aptum

24 1283 26 1286 ·
75 1270 265 1320 ‘tempus
298 1265 472 1307 insidiis
497 1265 663 1320 legere.
693 1266 931 1320 Digressis,
961 1266 1037 1320 qui
1064 1266 1298 1307 Pacarium
1327 1265 1693 1319 frequentabant,

22 1387 25 1405 ἱ
85 1346 233 1388 nudus
264 1351 311 1387 et
343 1345 496 1392 auxilii
531 1346 676 1401 inops,
712 1346 904 1388 balineis
937 1346 1250 1388 interficitur”.

22 1483 26 1487 .
144 1426 302 1469 Arena
339 1428 436 1472 sine
468 1428 592 1469 calce
626 1428 738 1469 haec
771 1434 860 1478 est3
896 1434 944 1469 ut
979 1429 1097 1469 bene
1131 1433 1452 1482 coagmentata
1485 1433 1696 1468 nascatur

18 1500 22 1567 ἶ
86 1507 328 1557 sententia,
348 1514 523 1550 mutata
541 1508 835 1550 distinctione
854 1514 899 1550 et
917 1508 1146 1549 lenissima
1161 1509 1355 1549 duorum
1368 1508 1694 1549 vocabulorum

87 1588 412 1630 emendatione
446 1602 573 1643 opus,
593 1594 661 1630 est
695 1594 740 1630 et
774 1589 838 1630 sic
870 1588 1139 1643 legendum:

149 1668 237 1722 „Et
279 1669 448 1710 aversis
490 1675 680 1723 repente
723 1669 899 1719 animis,
923 1683 1028 1710 'nec
1054 1675 1221 1723 ttamen
1254 1674 1413 1723 aperta
1446 1669 1503 1717 vi,
1537 1673 1697 1722 aptum

14 1754 264 1809 ζᾲῒςῐῐιρυε
295 1749 468 1791 insidiis
502 1749 676 1804 legere:
711 1750 924 1804 digressis
956 1763 995 1791 e.
1029 1764 1073 1804 q.
1107 1749 1187 1791 s.”.

142 1830 201 1872 H.
236 1830 294 1880 II,
331 1841 401 1885 72.
437 1831 507 1872 De
540 1830 638 1872 falsi
673 1830 959 1873 Scriboniani
993 1831 1119 1872 exitu
1152 1830 1266 1872 haec
1299 1830 1533 1884 leguntur:

103 1942 105 1944 -
145 1910 350 1966 „(vulgus
392 1911 626 1953 credulum
661 1917 707 1952 et
740 1912 928 1965 quidam
970 1911 1164 1952 militum
1198 1911 1353 1951 statim
1385 1909 1694 1964 aggregaban-

27 2030 29 2033 ,
80 1991 170 2046 tur)
213 2005 316 2033 curn
359 1997 614 2046 pertractus
656 1992 714 2033 ad
757 1991 995 2033 Vitellium
1036 1992 1445 2045 interrogatusque,
1485 1990 1693 2043 quisnam

83 2059 342 2113 mortalium
386 2077 528 2113 esset:
574 2077 819 2126 postquam
866 2071 987 2113 nulla
1029 2071 1163 2113 dictis
1205 2071 1319 2112 fides
1363 2076 1409 2111 et
1446 2084 1472 2111 a
1504 2069 1692 2111 domino

84 2151 371 2202 noscebatur,
413 2152 684 2194 condicione
722 2152 950 2206 fugitivus,
986 2152 1170 2193 nomine
1205 2151 1335 2200 Geta,
1369 2155 1601 2204 sumptum
1635 2149 1692 2189 de

17 2221 30 2255 Ῑ
85 2245 141 2274 eo
173 2232 446 2287 supplicium
479 2233 524 2274 in
557 2232 767 2274 servilem
802 2232 1033 2274 modum”.

145 2311 313 2355 Omnia
355 2312 428 2354 hic
471 2312 741 2367 perturbant
780 2313 857 2366 qui
892 2317 995 2366 post
1019 2319 1281 2367 pertractus
1314 2310 1385 2352 vel
1419 2315 1523 2364 post
1554 2310 1691 2351 inter-

31 2453 33 2455 -
83 2401 354 2449 rogatusque
399 2394 591 2435 verbum
637 2402 703 2435 est
749 2394 974 2443 inserunt;
1025 2394 1105 2434 sed
1154 2393 1215 2434 illi
1264 2406 1447 2446 quoque
1490 2390 1690 2432 colorem

31 2466 33 2469 ¹
83 2472 383 2514 obscurarunt
440 2473 692 2522 Taciteum,
747 2474 822 2527 qui
874 2474 1091 2528 maiorem
1140 2478 1243 2527 post
1290 2478 1399 2513 esset
1442 2476 1691 2526 posuerunt

81 2553 440 2602 distinctionem,
474 2567 557 2608 pro
590 2567 680 2607 qua
712 2554 747 2594 si
781 2553 955 2607 virgula
987 2553 1072 2594 erit
1105 2553 1268 2606 posita,
1298 2553 1449 2593 denuo
1478 2551 1689 2592 Tacitum

22 2615 35 2690 ¹.
82 2646 404 2688 agnoscemus;
445 2647 473 2674 a
511 2647 607 2675 cum
644 2641 906 2689 pertractus
938 2633 1213 2674 sententiam
1246 2632 1421 2673 orditur
1453 2637 1689 2685 tamquam

20 2707 34 2723 ⁵
81 2713 146 2755 sic
195 2713 288 2755 fere
336 2727 437 2755 eam
485 2714 738 2755 clausurus:
783 2713 941 2755 servili
985 2713 1196 2767 supplicio
1239 2713 1427 2767 affectus
1469 2717 1550 2761 est,
1593 2712 1688 2761 sed,

15 2808 29 2841 ζ
83 2799 248 2848 sponte
291 2793 408 2834 illius
450 2793 624 2835 consilii
668 2794 921 2842 immemor,
966 2807 1048 2847 pro
1085 2807 1141 2834 eo
1173 2801 1396 2848 sumptum
1429 2793 1481 2834 de
1511 2807 1557 2833 eo
1588 2800 1689 2847 sup-

27 2868 29 2870 *
77 2873 263 2928 plicium
287 2874 316 2914 τ’.
333 2888 369 2915 s.
388 2888 445 2915 m.
473 2873 616 2928 ponit.
644 2874 806 2927 Neque
832 2879 912 2922 est,
940 2879 989 2914 ut
1014 2874 1189 2927 opinor,
1214 2873 1375 2914 durum
1393 2870 1689 2914 ἐνακόλουθονε

19 2946 37 3007 ’;
85 2966 181 2995 cum
205 2961 468 3008 pertractus
501 2985 510 2994 .
531 2985 569 2994 ..
603 2961 826 3008 sumptum
859 2953 912 2994 de
942 2968 988 2994 eo
1020 2953 1283 3008 supplicium
