2040 3412
0 1319 14 1496 ξ

0 1496 15 1762 ξ

0 1766 16 2140 l

0 2141 16 2337 l.

0 2342 15 2918 l

0 2962 15 3175 }

0 3177 26 3412 l

904 271 962 324 69

192 391 252 434 A.
297 391 376 454 XI,
425 401 492 432 22.
546 390 813 443 „Dolabella
861 391 1036 432 censuit
1078 391 1390 446 spectaculum
1431 391 1735 445 gladiatorum

91 469 93 471 ’
130 485 212 527 per
254 484 414 512 omnes
454 483 598 512 annos
641 469 967 512 celebrandum
1010 472 1203 525 pecunia
1246 485 1416 522 eorum,
1462 472 1538 526 qui
1578 485 1738 526 quaes-

24 543 53 555 Γ
128 557 275 594 turam
309 551 682 605 adipiscerentur.
717 549 949 604 (Sequitur
975 550 1154 605 longior
1181 551 1306 593 locus
1335 552 1391 593 de
1420 551 1738 606 quaestoribus

131 644 380 685 eorumque
428 643 618 671 numero
665 629 833 670 sensim
875 630 1040 684 aucto).
1088 631 1194 672 Post
1237 631 1337 685 lege
1382 631 1532 674 Sullae
1576 631 1736 685 viginti

131 711 270 754 creati
298 709 555 765 supplendo
583 710 773 759 senatui,
802 710 872 750 cui
895 709 1061 750 iudicia
1085 711 1350 752 tradiderat.
1376 710 1436 751 Et
1459 724 1737 765 quamquam

131 792 308 846 equites
340 791 506 834 iudicia
538 791 928 845 reciperavissent,
963 796 1207 844 quaestura
1239 796 1392 832 tamen
1425 805 1484 831 ex
1516 791 1738 844 dignitate

134 872 482 914 candidatorum
505 877 583 913 aut
606 870 822 912 facilitate
845 870 1142 911 tribuentium
1164 871 1363 924 gratuito
1386 871 1737 921 concedebatur,

134 952 283 994 donec
315 951 542 993 sententia
576 950 842 992 Dolabellae
878 950 1000 991 velut
1035 949 1431 992 venumdaretur’'.

195 1032 345 1074 Locus
377 1031 639 1086 impeditior
671 1031 851 1072 videtur
878 1044 1025 1084 quam.
1044 1044 1202 1072 revera
1230 1036 1311 1071 est.
1341 1031 1570 1072 Memores
1599 1032 1738 1072 modo

131 1113 270 1156 simus
310 1120 392 1155 aut
432 1112 554 1167 apud
597 1111 809 1152 Tacitum
855 1124 947 1151 non
991 1124 1091 1152 eam
1130 1110 1298 1152 habere
1331 1111 1569 1165 emphasin
1602 1125 1740 1166 quam

131 1175 301 1236 habeat
346 1193 468 1248 apud
517 1191 800 1241 Ciceronem,
848 1191 928 1232 sed
977 1190 1069 1232 fere
1119 1205 1240 1232 esse:
1292 1192 1430 1232 modo
1478 1216 1536 1220 —-
1585 1192 1738 1241 modo,

131 1287 251 1316 nunc
286 1306 296 1315 .
316 1305 325 1315 .
346 1305 355 1314 .
389 1286 522 1315 nunc.
558 1272 624 1314 Cf.
659 1285 697 1313 c.
736 1272 788 1326 38
823 1271 1123 1326 „(Messalina)
1151 1277 1259 1313 tunc
1288 1272 1482 1326 primurn
1512 1271 1739 1312 fortunam

134 1368 263 1396 suam
300 1353 575 1408 introspexit
607 1352 866 1406 ferrumque
899 1352 1091 1406 accepit,
1125 1352 1248 1405 quod
1284 1351 1447 1393 frustra
1478 1351 1629 1406 iugulo
1663 1359 1742 1393 aut

126 1435 301 1492 pectori
339 1434 591 1476 admovens
623 1434 715 1474 ictu
753 1432 923 1474 tribuni
956 1432 1262 1486 transigitur”;
1298 1433 1325 1473 i.
1359 1446 1397 1473 e.
1431 1432 1555 1473 modo
1588 1431 1740 1486 iugulo

134 1515 260 1558 modo
290 1515 473 1572 pectori.
508 1513 581 1556 Sic
616 1519 662 1555 et
695 1513 766 1554 hic
798 1514 1138 1568 distinguuntur
1170 1519 1294 1554 aetas
1327 1512 1495 1554 liberae
1529 1512 1741 1567 reipubli-

136 1609 216 1637 cae
247 1600 352 1650 post
380 1593 566 1643 Sullam,
594 1599 648 1652 et¹
666 1599 792 1635 aetas
820 1593 1114 1647 imperatoria
1141 1598 1247 1633 ante
1277 1591 1543 1633 Dolabellae
1571 1592 1740 1646 legem:

137 1682 287 1719 stante
339 1675 573 1731 republica
624 1689 682 1716 ex
732 1675 956 1729 dignitate
1005 1674 1354 1716 candidatorum
1403 1673 1743 1714 concedebatur

137 1762 392 1812 quaestura,
430 1761 534 1810 post
566 1755 778 1797 amissam
811 1754 1073 1796 libertatem
1106 1768 1164 1795 ex
1196 1753 1412 1795 facilitate
1445 1753 1742 1794 tribuentium

137 1837 180 1893 (i.
214 1851 252 1879 e.
286 1836 574 1892 principum).
614 1836 850 1877 Postremo
889 1835 961 1876 hic
994 1848 1177 1889 quoque
1210 1840 1390 1875 utamur
1423 1834 1742 1876 observatione

139 1922 293 1959 nostra
332 1917 390 1971 (v.
424 1931 467 1971 p.
504 1925 556 1969 52
585 1916 669 1970 sq.)
704 1916 761 1957 de
794 1915 912 1956 binis
944 1915 1182 1956 sententiis
1214 1929 1240 1955 a
1273 1914 1435 1955 Tacito
1469 1915 1513 1955 in
1547 1913 1744 1968 singulas

137 1998 365 2047 coartatis,
409 1996 651 2052 apparebit
686 1996 775 2037 loci
813 2001 1131 2050 argumentum
1166 1995 1228 2036 sic
1262 1996 1521 2036 decurrere:
1543 1976 1743 2048 ,quam-

137 2092 275 2134 quam
318 2078 498 2127 iudicia,
541 2078 759 2131 adempta
801 2075 1101 2124 senatoribus,
1142 2075 1321 2116 reddita
1358 2081 1461 2116 sunt
1500 2074 1742 2128 equitibus,

137 2172 350 2201 numerus
381 2164 536 2200 tamen
570 2163 862 2211 quaestorum
897 2155 1162 2196 imminutus
1195 2169 1285 2196 non
1319 2161 1400 2204 est,
1429 2169 1537 2208 ergo
1565 2168 1744 2208 semper

137 2240 221 2282 fuit
262 2239 409 2281 honor
450 2239 508 2280 ad
552 2251 686 2292 quern
732 2237 853 2278 haud
898 2236 960 2276 ita
996 2234 1236 2276 difficulter
1269 2234 1477 2276 homines
1510 2234 1743 2289 pervenie-

137 2319 250 2362 bant
262 2338 272 2370 ;
317 2325 439 2361 certe
477 2318 599 2360 nulla
636 2317 878 2359 constabat
911 2316 1103 2370 pecunia
1136 2316 1215 2356 sed
1250 2315 1444 2369 primum
1478 2315 1643 2369 (stante
1677 2328 1744 2355 re-

138 2401 336 2456 publica)
370 2415 428 2442 ex
461 2400 683 2454 dignitate
716 2398 1078 2447 candidatorum,
1108 2401 1211 2451 post
1241 2396 1407 2450 (aetate
1435 2395 1743 2450 imperatoria)

139 2495 199 2523 ex
229 2481 447 2523 facilitate
479 2479 776 2522 tribuentium
810 2476 1193 2521 concedebatur”.

200 2561 265 2604 Cf.
300 2561 421 2602 Ann.
456 2560 537 2610 IV,
570 2561 643 2612 48.
688 2559 827 2612 „Mox
865 2557 980 2599 versi
1017 2557 1061 2597 in
1095 2556 1251 2598 luxum
1286 2562 1331 2597 et
1364 2556 1505 2610 raptis
1538 2556 1744 2610 opulenti

139 2642 350 2683 omittere
384 2641 603 2682 stationes
635 2639 819 2681 lascivia
853 2636 1102 2691 epularum,
1135 2642 1213 2677 aut
1246 2650 1407 2677 somno
1436 2642 1482 2678 et
1509 2637 1615 2678 vino
1644 2650 1745 2691 pro-

140 2721 398 2764 cumbere”.
428 2721 561 2762 Errat
589 2720 751 2768 editor,
781 2718 856 2771 qui
887 2717 959 2758 hic
987 2722 1090 2770 post
1117 2717 1325 2757 stationes
1353 2716 1575 2771 virgulam
1603 2717 1747 2771 ponit,

140 2809 186 2859 et
228 2803 291 2844 sic
334 2816 404 2843 res
448 2814 630 2856 prorsus
673 2800 858 2841 easdem
903 2798 1020 2838 inter
1062 2810 1109 2837 se
1143 2797 1351 2851 opponit.
1386 2796 1462 2838 An
1496 2797 1749 2851 quidquam

141 2884 330 2925 interest
369 2883 486 2923 inter
519 2881 704 2923 lascivia
736 2878 970 2934 epularum
995 2877 1287 2931 procumbere
1318 2883 1363 2918 et
1395 2892 1543 2919 somno
1576 2886 1618 2919 et
1647 2878 1748 2919 vino

133 2963 455 3019 procumbere?
498 2962 564 3002 At
608 2961 643 3001 si
687 2958 923 3013 virgulam,
969 2957 1015 2998 id
1059 2957 1183 3010 quod
1227 2962 1350 2997 recte
1395 2958 1533 2998 ceteri
1578 2957 1749 2998 faciunt
