2040 3412
1096 269 1179 333 ²6².

343 391 448 430 Post
476 389 664 430 verbum
694 388 994 442 impersonale
1021 388 1171 446 ergenitg
1202 389 1324 442 quod
1355 389 1560 431 Rhenani
1580 389 1768 445 praebet
1785 364 1982 453 leof-fiis,

341 469 449 510 satis
484 470 594 510 dure
629 467 737 510 illud
769 469 973 511 extimuit
1004 468 1204 515 infentur.

402 626 460 668 A.
491 626 618 676 XVI,
651 627 720 668 28.
749 627 801 668 In
829 631 989 668 senatu
1018 640 1126 681 ergo
1145 627 1339 681 primum
1358 627 1496 682 ipsius
1515 627 1709 668 Neronis
1726 609 1979 687 recitatutig

343 708 503 756 oratio,
537 721 626 761 qua
659 720 751 748 non
779 706 980 748 Thrasea
1008 708 1193 761 quidem
1222 707 1490 749 nominatim
1518 707 1730 762 arguitur,
1758 706 1838 749 sed
1864 689 1993 770 δέἰὶῖῖἶιρι

344 786 738 840 reprehenduntur
770 792 1003 828 senatores
1035 787 1158 841 quod
1192 784 1307 828 illius
1339 787 1553 842 exemplo
1583 787 1752 828 curiam
1780 786 1945 851 vitent}
1983 790 1995 833 ²:

345 865 523 920 Arripit
565 866 678 907 haec
721 866 1013 908 Cossutianus
1057 866 1220 924 Capito
1265 867 1674 921 vehementemque
1715 867 1761 908 in
1793 850 1985 929 ipsmnss

347 945 595 986 Thraseam
629 945 768 987 habet
802 946 1069 996 orationem,
1105 946 1193 1000 qua
1227 952 1272 988 et
1304 947 1390 988 alia
1422 953 1468 988 et
1501 947 1612 988 haec
1646 935 1994 1007 declamatrwsff'

412 1027 686 1080 „Requirere
727 1040 775 1067 se
814 1027 859 1067 in
893 1032 1052 1068 senatu
1086 1027 1382 1078 consularem,
1415 1028 1460 1069 in
1493 1027 1612 1069 votis
1641 1019 1998 1090 sacerdoteq,{=·’

346 1107 391 1147 in
435 1107 530 1147 iure
575 1107 765 1148 iurando
809 1107 970 1156 civem,
1014 1107 1098 1148 nisi
1142 1113 1300 1148 contra
1334 1105 1538 1148 instituta
1569 1111 1617 1149 et
1647 1102 2009 1170 caerimonias?

349 1187 568 1228 maiorum
617 1187 899 1240 proditorem
948 1186 1098 1241 palam
1147 1193 1192 1228 et
1241 1187 1418 1228 hostem
1462 1186 1663 1228 Thrasea
1708 1182 2002 1238 induisseta'fflj‘

349 1267 559 1320 Denique
587 1280 720 1320 agere
748 1272 1005 1308 senatorem
1033 1273 1078 1308 et
1107 1268 1323 1322 principis
1350 1267 1682 1309 obtrectatores
1703 1271 1946 1331 protegere
1971 1289 1991 1320 ,ε

347 1346 507 1388 solitus
540 1347 728 1396 veniret,
764 1352 982 1396 censeret,
1017 1347 1126 1400 quid
1161 1348 1323 1401 corrigi
1355 1352 1432 1388 aut
1466 1347 1629 1388 mutari
1661 1344 1841 1388 vellet.”
1965 1398 1999 1412 Ἴ

402 1426 610 1468 Omnino
638 1426 747 1480 quid
775 1427 833 1467 sit
859 1434 1102 1468 senatorem
1129 1441 1263 1481 agere
1280 1440 1370 1468 non
1389 1427 1636 1468 admodum
1655 1425 1945 1482 perspicuum

353 1506 461 1547 mihi
491 1511 572 1555 est,
602 1506 646 1547 in
674 1505 902 1547 Thraseae
930 1520 1038 1548 vero
1067 1520 1212 1556 causa,
1243 1507 1313 1548 cui
1340 1506 1385 1547 id
1413 1507 1560 1561 ipsum
1578 1506 1789 1548 obiicitur
1805 1492 2001 1569 quodi}

353 1586 712 1640 quotiescunque
755 1591 938 1627 senatus
980 1585 1185 1635 habetur,
1229 1587 1353 1627 domi
1397 1599 1503 1627 suae
1535 1586 1661 1637 latet,
1694 1586 1803 1641 quid
1835 1584 1948 1629 illud
1990 1569 1995 1572 ³

351 1666 435 1707 sibi
481 1666 590 1707 velit
633 1666 802 1707 crimen
845 1666 1203 1707 admirabundus
1235 1680 1359 1720 rogo.
1395 1667 1445 1708 In
1479 1679 1676 1708 errorem
1709 1658 2011 1728 inductum-ff

352 1746 596 1795 librarium,
640 1746 716 1799 qui
761 1741 907 1787 toties'
940 1747 996 1787 de
1039 1752 1197 1787 senatu
1240 1746 1614 1800 senatoribusque
1645 1745 1842 1800 legisset,
1874 1731 2018 1807 hies-²?

353 1839 534 1880 quoque
581 1833 824 1866 senatorem
873 1825 1104 1879 scripsisse
1151 1825 1326 1880 opinor,
1377 1838 1479 1867 cum
1523 1826 1568 1867 in
1613 1824 1825 1881 exemplo
1866 1828 1970 1868 suo‘

354 1906 543 1947 haberet
576 1918 750 1954 vocem,
786 1918 902 1958 quae
934 1905 1146 1946 ductibus
1173 1905 1402 1946 literarum
1430 1905 1492 1946 illi
1519 1905 1769 1947 admodum
1795 1904 1952 1949 similis

355 1992 492 2027 esset:
528 2000 758 2027 censorem.
795 1985 896 2026 Hoc
929 1991 996 2027 est
1030 1986 1153 2039 quod
1189 1991 1286 2027 tota
1319 1986 1413 2026 vita
1445 1998 1524 2027 sua
1554 1984 1746 2039 loquens
1777 1990 1951 2048 tacens—
1981 1997 2021 2043 'L'

355 2081 442 2121 que
476 2067 644 2108 fecerat
671 2066 884 2115 Thrasea,
914 2072 963 2107 ut
990 2074 1144 2121 ageret
1171 2080 1387 2108 censorem
1416 2066 1686 2120 civiumque,
1715 2065 1795 2108 sed
1822 2078 1952 2122 prae·

355 2148 486 2201 cipue
515 2147 653 2201 ipsius
681 2145 909 2200 principis,
941 2145 1060 2186 facta
1088 2151 1280 2186 notaret.
1315 2145 1375 2186 Et
1403 2145 1588 2186 omnino
1606 2144 1715 2186 illud
1731 2157 1953 2187 censorem¹

354 2241 488 2282 agere
541 2225 956 2280 frequentissimum
1010 2231 1079 2266 est
1125 2225 1294 2266 crimen
1341 2225 1386 2266 in
1435 2224 1641 2266 homines
1686 2224 1948 2267 severior-es.

356 2307 476 2348 Vide
520 2320 638 2347 nunc
682 2319 817 2360 quam
861 2305 1057 2359 eleganti
1101 2306 1342 2346 verborum
1384 2305 1481 2346 lusu
1523 2305 1646 2347 idem
1678 2304 1752 2346 ille
1776 2303 1949 2360 >Capito

355 2387 418 2427 sic
467 2399 659 2440 pergens
707 2386 967 2447 inducatur:
1030 2393 1243 2438 „censeret
1296 2385 1404 2439 quid
1461 2384 1622 2439 corrigi
1669 2389 1747 2426 aut
1786 2383 1950 2441 mutari

355 2465 536 2507 vellet.”

418 2624 475 2665 A.
510 2624 636 2673 XVI,
674 2633 742 2677 35.
777 2624 847 2664 De
881 2623 977 2677 ipsa
1010 2623 1237 2664 Thraseae
1272 2627 1416 2664 morte
1449 2622 1688 2664 traduntur
1719 2620 1855 2664 haec:
1996 2682 2001 2686 f

423 2704 712 2756 „Helvidium
736 2709 782 2744 et
800 2704 1083 2744 Demetrium
1102 2703 1147 2744 in
1166 2702 1421 2744 cubiculum
1438 2702 1625 2751 inducit,
1643 2701 1953 2757 porrectisque

357 2783 589 2836 utriusque
633 2783 803 2823 brachii
841 2783 981 2832 venis,
1026 2788 1268 2837 postquam
1312 2795 1517 2823 cruorem
1560 2781 1731 2831 effudit,
1763 2780 1952 2825 humum
1989 2764 2022 2809 ’Τ

358 2876 491 2916 super
524 2876 753 2916 spargens.
790 2893 799 2902 .
820 2894 829 2902 .
850 2894 859 2902 .
895 2862 1125 2912 Libamus,
1159 2862 1319 2915 inquit,
1354 2862 1451 2902 Iovi
1483 2859 1757 2902 liberatori.”

420 2941 495 2982 Ad
531 2942 753 2995 porrectis
792 2941 1096 2995 Nipperdeius
1127 2946 1339 2982 annotat:
1377 2941 1550 2993 „einem
1584 2938 1782 2980 Diener'’
1812 2945 1950 2993 atque
1981 2922 2029 2940 γ’
