<?xml version="1.0" encoding="UTF-8"?>
<!DOCTYPE html PUBLIC "-//W3C//DTD XHTML 1.0 Transitional//EN"
    "http://www.w3.org/TR/xhtml1/DTD/xhtml1-transitional.dtd">
<html xmlns="http://www.w3.org/1999/xhtml" xml:lang="en" lang="en">
 <head>
  <title>
</title>
<meta http-equiv="Content-Type" content="text/html;charset=utf-8" />
  <meta name='ocr-system' content='tesseract 3.04.00' />
  <meta name='ocr-capabilities' content='ocr_page ocr_carea ocr_par ocr_line ocrx_word'/>
</head>
<body>
  <div class='ocr_page' id='page_1' title='image "analectatacitea00hartuoft_0131.png"; bbox 0 0 2040 3412; ppageno 0'>
   <div class='ocr_carea' id='block_1_1' title="bbox 45 11 309 67">
    <p class='ocr_par' dir='ltr' id='par_1_1' title="bbox 45 11 309 68">
     <span class='ocr_line' id='line_1_1' title="bbox 76 11 309 32; baseline -0.004 -2"><span class='ocrx_word' id='word_1_1' title='bbox 76 20 78 23; x_wconf 50' lang='lat' dir='ltr'>v</span> <span class='ocrx_word' id='word_1_2' title='bbox 99 18 113 30; x_wconf 56' lang='grc' dir='ltr'>ς.</span> <span class='ocrx_word' id='word_1_3' title='bbox 155 15 161 19; x_wconf 75' lang='grc'><strong>“</strong></span> <span class='ocrx_word' id='word_1_4' title='bbox 216 11 252 32; x_wconf 59' lang='lat'>,⁷⁵</span> <span class='ocrx_word' id='word_1_5' title='bbox 306 27 309 29; x_wconf 69' lang='grc'><em>,</em></span> 
     </span>
     <span class='ocr_line' id='line_1_2' title="bbox 45 29 250 57; baseline 0.005 -5"><span class='ocrx_word' id='word_1_6' title='bbox 45 54 46 57; x_wconf 19' lang='lat'>¹</span> <span class='ocrx_word' id='word_1_7' title='bbox 70 29 134 54; x_wconf 42' lang='lat' dir='ltr'>asi(</span> <span class='ocrx_word' id='word_1_8' title='bbox 158 47 161 53; x_wconf 63' lang='grc'>,</span> <span class='ocrx_word' id='word_1_9' title='bbox 191 32 250 47; x_wconf 45' lang='grc' dir='ltr'>ὟὟὟὟ</span> 
     </span>
     <span class='ocr_line' id='line_1_3' title="bbox 57 56 160 67; baseline -0.01 1"><span class='ocrx_word' id='word_1_10' title='bbox 57 56 75 67; x_wconf 69' lang='lat' dir='ltr'><strong>-·v¹</strong></span> <span class='ocrx_word' id='word_1_11' title='bbox 83 56 160 67; x_wconf 30' lang='lat'>³³³³</span> 
     </span>
    </p>
   </div>
   <div class='ocr_carea' id='block_1_2' title="bbox 897 291 976 334">
    <p class='ocr_par' dir='ltr' id='par_1_2' title="bbox 897 291 976 334">
     <span class='ocr_line' id='line_1_4' title="bbox 897 291 976 334; baseline -0.013 -12"><span class='ocrx_word' id='word_1_12' title='bbox 897 291 976 334; x_wconf 89' lang='lat'>123</span> 
     </span>
    </p>
   </div>
   <div class='ocr_carea' id='block_1_3' title="bbox 5 398 1742 3023">
    <p class='ocr_par' dir='ltr' id='par_1_3' title="bbox 31 394 1739 1503">
     <span class='ocr_line' id='line_1_5' title="bbox 45 398 1739 459; baseline 0 -18"><span class='ocrx_word' id='word_1_13' title='bbox 45 409 89 459; x_wconf 52' lang='lat' dir='ltr'>j&amp;</span> <span class='ocrx_word' id='word_1_14' title='bbox 132 415 264 446; x_wconf 83' lang='lat' dir='ltr'>verso</span> <span class='ocrx_word' id='word_1_15' title='bbox 292 407 341 444; x_wconf 89' lang='lat' dir='ltr'>ut</span> <span class='ocrx_word' id='word_1_16' title='bbox 371 406 560 456; x_wconf 88' lang='lat' dir='ltr'>repente</span> <span class='ocrx_word' id='word_1_17' title='bbox 587 401 776 455; x_wconf 87' lang='lat' dir='ltr'>remigio</span> <span class='ocrx_word' id='word_1_18' title='bbox 804 401 909 443; x_wconf 92' lang='lat' dir='ltr'>hinc</span> <span class='ocrx_word' id='word_1_19' title='bbox 931 401 1004 443; x_wconf 91' lang='lat' dir='ltr'>vel</span> <span class='ocrx_word' id='word_1_20' title='bbox 1022 400 1143 442; x_wconf 93' lang='lat' dir='ltr'>illinc</span> <span class='ocrx_word' id='word_1_21' title='bbox 1161 399 1489 456; x_wconf 83' lang='lat' dir='ltr'>appellerent’&#39;.</span> <span class='ocrx_word' id='word_1_22' title='bbox 1507 398 1739 455; x_wconf 81' lang='lat' dir='ltr'>Appellere</span> 
     </span>
     <span class='ocr_line' id='line_1_6' title="bbox 43 467 1737 542; baseline -0.002 -17"><span class='ocrx_word' id='word_1_23' title='bbox 43 467 206 542; x_wconf 23' lang='lat' dir='ltr'>¹fssshic</span> <span class='ocrx_word' id='word_1_24' title='bbox 249 495 340 524; x_wconf 90' lang='lat' dir='ltr'>non</span> <span class='ocrx_word' id='word_1_25' title='bbox 383 486 452 523; x_wconf 91' lang='lat' dir='ltr'>est</span> <span class='ocrx_word' id='word_1_26' title='bbox 499 481 754 536; x_wconf 85' lang='lat' dir='ltr'>„appellere</span> <span class='ocrx_word' id='word_1_27' title='bbox 797 482 855 523; x_wconf 88' lang='lat' dir='ltr'>ad</span> <span class='ocrx_word' id='word_1_28' title='bbox 893 480 1048 523; x_wconf 90' lang='lat' dir='ltr'>littus”</span> <span class='ocrx_word' id='word_1_29' title='bbox 1081 481 1159 522; x_wconf 90' lang='lat' dir='ltr'>sed</span> <span class='ocrx_word' id='word_1_30' title='bbox 1200 481 1431 535; x_wconf 87' lang='lat' dir='ltr'>„dirigere‚</span> <span class='ocrx_word' id='word_1_31' title='bbox 1466 493 1737 534; x_wconf 88' lang='lat' dir='ltr'>cursumque</span> 
     </span>
     <span class='ocr_line' id='line_1_7' title="bbox 131 560 1738 616; baseline -0.001 -13.099"><span class='ocrx_word' id='word_1_32' title='bbox 131 561 360 608; x_wconf 50' lang='lat' dir='ltr'>flectere’ss</span> <span class='ocrx_word' id='word_1_33' title='bbox 405 561 472 604; x_wconf 84' lang='lat' dir='ltr'>Cf.</span> <span class='ocrx_word' id='word_1_34' title='bbox 517 560 574 602; x_wconf 91' lang='lat' dir='ltr'>H.</span> <span class='ocrx_word' id='word_1_35' title='bbox 620 561 699 611; x_wconf 93' lang='lat' dir='ltr'>III,</span> <span class='ocrx_word' id='word_1_36' title='bbox 744 570 801 616; x_wconf 90' lang='lat'>47</span> <span class='ocrx_word' id='word_1_37' title='bbox 846 561 922 602; x_wconf 93' lang='lat' dir='ltr'>ubi</span> <span class='ocrx_word' id='word_1_38' title='bbox 965 561 1127 603; x_wconf 90' lang='lat' dir='ltr'>eadem</span> <span class='ocrx_word' id='word_1_39' title='bbox 1169 574 1239 602; x_wconf 88' lang='lat' dir='ltr'>res</span> <span class='ocrx_word' id='word_1_40' title='bbox 1271 561 1434 603; x_wconf 91' lang='lat' dir='ltr'>eodem</span> <span class='ocrx_word' id='word_1_41' title='bbox 1468 560 1738 602; x_wconf 88' lang='lat' dir='ltr'>describitur</span> 
     </span>
     <span class='ocr_line' id='line_1_8' title="bbox 133 641 1738 698; baseline -0.002 -12.219"><span class='ocrx_word' id='word_1_42' title='bbox 133 643 296 686; x_wconf 89' lang='lat' dir='ltr'>modo:</span> <span class='ocrx_word' id='word_1_43' title='bbox 345 643 467 698; x_wconf 88' lang='lat' dir='ltr'>„pari</span> <span class='ocrx_word' id='word_1_44' title='bbox 511 642 739 696; x_wconf 88' lang='lat' dir='ltr'>utrimque</span> <span class='ocrx_word' id='word_1_45' title='bbox 783 656 918 696; x_wconf 90' lang='lat' dir='ltr'>prora</span> <span class='ocrx_word' id='word_1_46' title='bbox 961 647 1007 683; x_wconf 92' lang='lat' dir='ltr'>et</span> <span class='ocrx_word' id='word_1_47' title='bbox 1050 642 1256 683; x_wconf 85' lang='lat' dir='ltr'>mutabili</span> <span class='ocrx_word' id='word_1_48' title='bbox 1304 641 1508 696; x_wconf 90' lang='lat' dir='ltr'>remigio,</span> <span class='ocrx_word' id='word_1_49' title='bbox 1552 641 1738 696; x_wconf 88' lang='lat' dir='ltr'>quando</span> 
     </span>
     <span class='ocr_line' id='line_1_9' title="bbox 43 718 1737 778; baseline -0.004 -9"><span class='ocrx_word' id='word_1_50' title='bbox 43 718 79 769; x_wconf 62' lang='grc' dir='ltr'>Ῐ</span> <span class='ocrx_word' id='word_1_51' title='bbox 132 725 238 771; x_wconf 81' lang='lat' dir='ltr'>hine</span> <span class='ocrx_word' id='word_1_52' title='bbox 280 724 352 767; x_wconf 91' lang='lat' dir='ltr'>vel</span> <span class='ocrx_word' id='word_1_53' title='bbox 395 723 517 766; x_wconf 91' lang='lat' dir='ltr'>illinc</span> <span class='ocrx_word' id='word_1_54' title='bbox 558 723 790 778; x_wconf 82' lang='lat' dir='ltr'>appellere</span> <span class='ocrx_word' id='word_1_55' title='bbox 822 723 1118 764; x_wconf 86' lang='lat' dir='ltr'>indiscretum</span> <span class='ocrx_word' id='word_1_56' title='bbox 1153 727 1198 763; x_wconf 90' lang='lat' dir='ltr'>et</span> <span class='ocrx_word' id='word_1_57' title='bbox 1231 723 1467 763; x_wconf 86' lang='lat' dir='ltr'>innoxium</span> <span class='ocrx_word' id='word_1_58' title='bbox 1501 721 1612 763; x_wconf 89' lang='lat' dir='ltr'>est”.</span> <span class='ocrx_word' id='word_1_59' title='bbox 1646 720 1737 763; x_wconf 84' lang='lat' dir='ltr'>Sed</span> 
     </span>
     <span class='ocr_line' id='line_1_10' title="bbox 108 801 1738 862; baseline -0.003 -14.2"><span class='ocrx_word' id='word_1_60' title='bbox 108 805 242 862; x_wconf 62' lang='lat' dir='ltr'>&gt;quid</span> <span class='ocrx_word' id='word_1_61' title='bbox 276 804 468 847; x_wconf 89' lang='lat' dir='ltr'>navibus</span> <span class='ocrx_word' id='word_1_62' title='bbox 506 817 620 858; x_wconf 90' lang='lat' dir='ltr'>opus</span> <span class='ocrx_word' id='word_1_63' title='bbox 652 804 723 853; x_wconf 91' lang='lat' dir='ltr'>sit,</span> <span class='ocrx_word' id='word_1_64' title='bbox 757 817 874 858; x_wconf 88' lang='lat' dir='ltr'>quae</span> <span class='ocrx_word' id='word_1_65' title='bbox 908 809 1003 845; x_wconf 91' lang='lat' dir='ltr'>tam</span> <span class='ocrx_word' id='word_1_66' title='bbox 1037 802 1167 844; x_wconf 91' lang='lat' dir='ltr'>facile</span> <span class='ocrx_word' id='word_1_67' title='bbox 1200 816 1378 844; x_wconf 90' lang='lat' dir='ltr'>cursum</span> <span class='ocrx_word' id='word_1_68' title='bbox 1411 807 1586 844; x_wconf 84' lang='lat' dir='ltr'>mutare</span> <span class='ocrx_word' id='word_1_69' title='bbox 1619 801 1738 843; x_wconf 90' lang='lat' dir='ltr'>subi-</span> 
     </span>
     <span class='ocr_line' id='line_1_11' title="bbox 131 882 1735 940; baseline -0.002 -14.169"><span class='ocrx_word' id='word_1_70' title='bbox 131 890 286 940; x_wconf 86' lang='lat' dir='ltr'>toque,</span> <span class='ocrx_word' id='word_1_71' title='bbox 329 898 433 926; x_wconf 90' lang='lat' dir='ltr'>cum</span> <span class='ocrx_word' id='word_1_72' title='bbox 476 898 591 939; x_wconf 91' lang='lat' dir='ltr'>opus</span> <span class='ocrx_word' id='word_1_73' title='bbox 634 889 715 933; x_wconf 89' lang='lat' dir='ltr'>est,</span> <span class='ocrx_word' id='word_1_74' title='bbox 761 884 805 924; x_wconf 94' lang='lat' dir='ltr'>in</span> <span class='ocrx_word' id='word_1_75' title='bbox 839 883 1114 924; x_wconf 87' lang='lat' dir='ltr'>contrariam</span> <span class='ocrx_word' id='word_1_76' title='bbox 1147 883 1301 924; x_wconf 90' lang='lat' dir='ltr'>volare</span> <span class='ocrx_word' id='word_1_77' title='bbox 1335 888 1512 937; x_wconf 87' lang='lat' dir='ltr'>partem</span> <span class='ocrx_word' id='word_1_78' title='bbox 1545 882 1735 937; x_wconf 87' lang='lat' dir='ltr'>possint,</span> 
     </span>
     <span class='ocr_line' id='line_1_12' title="bbox 130 962 1737 1019; baseline -0.003 -11"><span class='ocrx_word' id='word_1_79' title='bbox 130 979 234 1009; x_wconf 89' lang='lat' dir='ltr'>cum</span> <span class='ocrx_word' id='word_1_80' title='bbox 266 970 420 1007; x_wconf 86' lang='lat' dir='ltr'>tamen</span> <span class='ocrx_word' id='word_1_81' title='bbox 453 978 545 1006; x_wconf 92' lang='lat' dir='ltr'>non</span> <span class='ocrx_word' id='word_1_82' title='bbox 577 964 635 1006; x_wconf 88' lang='lat' dir='ltr'>ad</span> <span class='ocrx_word' id='word_1_83' title='bbox 669 963 892 1019; x_wconf 92' lang='lat' dir='ltr'>proelium</span> <span class='ocrx_word' id='word_1_84' title='bbox 926 962 1086 1004; x_wconf 90' lang='lat' dir='ltr'>navale</span> <span class='ocrx_word' id='word_1_85' title='bbox 1119 963 1361 1004; x_wconf 87' lang='lat' dir='ltr'>mittuntur</span> <span class='ocrx_word' id='word_1_86' title='bbox 1392 963 1471 1004; x_wconf 92' lang='lat' dir='ltr'>sed</span> <span class='ocrx_word' id='word_1_87' title='bbox 1507 963 1564 1004; x_wconf 90' lang='lat' dir='ltr'>ad</span> <span class='ocrx_word' id='word_1_88' title='bbox 1593 967 1737 1004; x_wconf 89' lang='lat' dir='ltr'>trans-</span> 
     </span>
     <span class='ocr_line' id='line_1_13' title="bbox 53 1032 1738 1103; baseline -0.003 -14"><span class='ocrx_word' id='word_1_89' title='bbox 53 1032 60 1057; x_wconf 14' lang='lat' dir='ltr'>&#39;V</span> <span class='ocrx_word' id='word_1_90' title='bbox 111 1046 383 1103; x_wconf 72' lang='lat' dir='ltr'>portandos</span> <span class='ocrx_word' id='word_1_91' title='bbox 427 1044 592 1087; x_wconf 89' lang='lat' dir='ltr'>milites</span> <span class='ocrx_word' id='word_1_92' title='bbox 634 1044 1211 1098; x_wconf 82' lang='lat' dir='ltr'>commeatumque‚·dicat</span> <span class='ocrx_word' id='word_1_93' title='bbox 1244 1044 1320 1098; x_wconf 92' lang='lat' dir='ltr'>qui</span> <span class='ocrx_word' id='word_1_94' title='bbox 1354 1043 1591 1097; x_wconf 88' lang='lat' dir='ltr'>intelligat.</span> <span class='ocrx_word' id='word_1_95' title='bbox 1626 1043 1738 1084; x_wconf 90' lang='lat' dir='ltr'>For·</span> 
     </span>
     <span class='ocr_line' id='line_1_14' title="bbox 131 1123 1737 1178; baseline -0.003 -9"><span class='ocrx_word' id='word_1_96' title='bbox 131 1131 252 1169; x_wconf 82' lang='lat' dir='ltr'>tasse</span> <span class='ocrx_word' id='word_1_97' title='bbox 284 1125 358 1168; x_wconf 91' lang='lat' dir='ltr'>hic</span> <span class='ocrx_word' id='word_1_98' title='bbox 390 1131 545 1168; x_wconf 88' lang='lat' dir='ltr'>tamen</span> <span class='ocrx_word' id='word_1_99' title='bbox 579 1125 636 1167; x_wconf 94' lang='lat' dir='ltr'>de</span> <span class='ocrx_word' id='word_1_100' title='bbox 670 1138 796 1166; x_wconf 92' lang='lat' dir='ltr'>more</span> <span class='ocrx_word' id='word_1_101' title='bbox 829 1124 1015 1166; x_wconf 88' lang='lat' dir='ltr'>Tacitus</span> <span class='ocrx_word' id='word_1_102' title='bbox 1049 1138 1157 1174; x_wconf 91' lang='lat' dir='ltr'>rem,</span> <span class='ocrx_word' id='word_1_103' title='bbox 1193 1138 1284 1178; x_wconf 92' lang='lat' dir='ltr'>quo</span> <span class='ocrx_word' id='word_1_104' title='bbox 1318 1124 1462 1178; x_wconf 86' lang='lat' dir='ltr'>magis</span> <span class='ocrx_word' id='word_1_105' title='bbox 1495 1123 1623 1164; x_wconf 91' lang='lat' dir='ltr'>fieret</span> <span class='ocrx_word' id='word_1_106' title='bbox 1657 1124 1737 1164; x_wconf 92' lang='lat' dir='ltr'>mi-</span> 
     </span>
     <span class='ocr_line' id='line_1_15' title="bbox 131 1204 1737 1262; baseline -0.002 -13"><span class='ocrx_word' id='word_1_107' title='bbox 131 1206 298 1257; x_wconf 85' lang='lat' dir='ltr'>rabilis,</span> <span class='ocrx_word' id='word_1_108' title='bbox 331 1206 610 1262; x_wconf 88' lang='lat' dir='ltr'>amplificare</span> <span class='ocrx_word' id='word_1_109' title='bbox 642 1206 843 1256; x_wconf 88' lang='lat' dir='ltr'>studens,</span> <span class='ocrx_word' id='word_1_110' title='bbox 878 1210 1198 1247; x_wconf 87' lang='lat' dir='ltr'>ornamentum</span> <span class='ocrx_word' id='word_1_111' title='bbox 1230 1205 1415 1259; x_wconf 89' lang='lat' dir='ltr'>aliquod</span> <span class='ocrx_word' id='word_1_112' title='bbox 1448 1204 1627 1246; x_wconf 88' lang='lat' dir='ltr'>addidit</span> <span class='ocrx_word' id='word_1_113' title='bbox 1657 1204 1737 1245; x_wconf 88' lang='lat' dir='ltr'>im-</span> 
     </span>
     <span class='ocr_line' id='line_1_16' title="bbox 38 1267 1735 1343; baseline -0.002 -13.016"><span class='ocrx_word' id='word_1_114' title='bbox 38 1267 50 1290; x_wconf 10' lang='grc' dir='ltr'>«ἶ</span> <span class='ocrx_word' id='word_1_115' title='bbox 90 1294 94 1313; x_wconf 73' lang='lat'>²</span> <span class='ocrx_word' id='word_1_116' title='bbox 131 1287 332 1343; x_wconf 86' lang='lat' dir='ltr'>prudens</span> <span class='ocrx_word' id='word_1_117' title='bbox 364 1287 623 1341; x_wconf 91' lang='lat' dir='ltr'>invitusque</span> <span class='ocrx_word' id='word_1_118' title='bbox 656 1287 780 1341; x_wconf 91' lang='lat' dir='ltr'>quod</span> <span class='ocrx_word' id='word_1_119' title='bbox 815 1286 872 1328; x_wconf 88' lang='lat' dir='ltr'>ab</span> <span class='ocrx_word' id='word_1_120' title='bbox 906 1286 993 1327; x_wconf 93' lang='lat' dir='ltr'>hoc</span> <span class='ocrx_word' id='word_1_121' title='bbox 1026 1286 1128 1327; x_wconf 94' lang='lat' dir='ltr'>loco</span> <span class='ocrx_word' id='word_1_122' title='bbox 1163 1300 1345 1341; x_wconf 90' lang='lat' dir='ltr'>prorsus</span> <span class='ocrx_word' id='word_1_123' title='bbox 1378 1291 1496 1327; x_wconf 91' lang='lat' dir='ltr'>esset</span> <span class='ocrx_word' id='word_1_124' title='bbox 1524 1285 1735 1326; x_wconf 84' lang='lat' dir='ltr'>alienum.</span> 
     </span>
     <span class='ocr_line' id='line_1_17' title="bbox 131 1366 1737 1422; baseline -0.002 -12"><span class='ocrx_word' id='word_1_125' title='bbox 131 1367 203 1410; x_wconf 89' lang='lat' dir='ltr'>De</span> <span class='ocrx_word' id='word_1_126' title='bbox 235 1367 370 1410; x_wconf 88' lang='lat' dir='ltr'>rebus</span> <span class='ocrx_word' id='word_1_127' title='bbox 403 1368 461 1409; x_wconf 92' lang='lat' dir='ltr'>ab</span> <span class='ocrx_word' id='word_1_128' title='bbox 493 1367 896 1422; x_wconf 88' lang='lat' dir='ltr'>ipso&#39;Germanico</span> <span class='ocrx_word' id='word_1_129' title='bbox 925 1372 1031 1422; x_wconf 89' lang='lat' dir='ltr'>post</span> <span class='ocrx_word' id='word_1_130' title='bbox 1058 1367 1218 1408; x_wconf 86' lang='lat' dir='ltr'>miram</span> <span class='ocrx_word' id='word_1_131' title='bbox 1246 1366 1369 1407; x_wconf 92' lang='lat' dir='ltr'>illam</span> <span class='ocrx_word' id='word_1_132' title='bbox 1397 1366 1737 1420; x_wconf 86' lang='lat' dir='ltr'>navigationem</span> 
     </span>
     <span class='ocr_line' id='line_1_18' title="bbox 130 1448 699 1503; baseline -0.004 -13"><span class='ocrx_word' id='word_1_133' title='bbox 130 1448 271 1503; x_wconf 89' lang='lat' dir='ltr'>gestis</span> <span class='ocrx_word' id='word_1_134' title='bbox 304 1448 552 1490; x_wconf 88' lang='lat' dir='ltr'>videamus.</span> <span class='ocrx_word' id='word_1_135' title='bbox 586 1461 624 1489; x_wconf 93' lang='lat' dir='ltr'>c.</span> <span class='ocrx_word' id='word_1_136' title='bbox 660 1449 699 1489; x_wconf 89' lang='lat'>8.</span> 
     </span>
    </p>

    <p class='ocr_par' dir='ltr' id='par_1_4' title="bbox 197 1526 1736 1582">
     <span class='ocr_line' id='line_1_19' title="bbox 197 1526 1736 1582; baseline -0.002 -12"><span class='ocrx_word' id='word_1_137' title='bbox 197 1561 215 1582; x_wconf 88' lang='lat'>‚‚</span> <span class='ocrx_word' id='word_1_138' title='bbox 238 1560 277 1570; x_wconf 89' lang='lat'>..</span> <span class='ocrx_word' id='word_1_139' title='bbox 297 1561 307 1570; x_wconf 95' lang='lat'>.</span> <span class='ocrx_word' id='word_1_140' title='bbox 327 1561 337 1570; x_wconf 88' lang='lat'><em>.</em></span> <span class='ocrx_word' id='word_1_141' title='bbox 370 1528 494 1571; x_wconf 89' lang='lat' dir='ltr'>lacus</span> <span class='ocrx_word' id='word_1_142' title='bbox 535 1529 642 1570; x_wconf 91' lang='lat' dir='ltr'>inde</span> <span class='ocrx_word' id='word_1_143' title='bbox 685 1534 730 1570; x_wconf 93' lang='lat' dir='ltr'>et</span> <span class='ocrx_word' id='word_1_144' title='bbox 773 1528 1009 1571; x_wconf 89' lang='lat' dir='ltr'>Oceanum</span> <span class='ocrx_word' id='word_1_145' title='bbox 1043 1541 1185 1582; x_wconf 89' lang='lat' dir='ltr'>usque</span> <span class='ocrx_word' id='word_1_146' title='bbox 1217 1527 1274 1568; x_wconf 92' lang='lat' dir='ltr'>ad</span> <span class='ocrx_word' id='word_1_147' title='bbox 1310 1526 1534 1568; x_wconf 89' lang='lat' dir='ltr'>Amisiam</span> <span class='ocrx_word' id='word_1_148' title='bbox 1569 1526 1736 1567; x_wconf 89' lang='lat' dir='ltr'>flumen</span> 
     </span>
    </p>

    <p class='ocr_par' dir='ltr' id='par_1_5' title="bbox 24 1609 1742 2458">
     <span class='ocr_line' id='line_1_20' title="bbox 132 1609 1742 1665; baseline -0.001 -13"><span class='ocrx_word' id='word_1_149' title='bbox 132 1610 333 1652; x_wconf 90' lang='lat' dir='ltr'>secunda</span> <span class='ocrx_word' id='word_1_150' title='bbox 374 1611 665 1665; x_wconf 87' lang='lat' dir='ltr'>navigatione</span> <span class='ocrx_word' id='word_1_151' title='bbox 710 1610 987 1665; x_wconf 88' lang='lat' dir='ltr'>pervehitur.</span> <span class='ocrx_word' id='word_1_152' title='bbox 1033 1610 1197 1652; x_wconf 87' lang='lat' dir='ltr'>Classis</span> <span class='ocrx_word' id='word_1_153' title='bbox 1239 1609 1440 1650; x_wconf 90' lang='lat' dir='ltr'>Amisiae</span> <span class='ocrx_word' id='word_1_154' title='bbox 1474 1623 1550 1650; x_wconf 90' lang='lat' dir='ltr'>ore</span> <span class='ocrx_word' id='word_1_155' title='bbox 1585 1609 1742 1650; x_wconf 86' lang='lat' dir='ltr'>relicta</span> 
     </span>
     <span class='ocr_line' id='line_1_21' title="bbox 26 1689 1740 1750; baseline -0.001 -18"><span class='ocrx_word' id='word_1_156' title='bbox 26 1748 28 1750; x_wconf 17' lang='grc' dir='ltr'>ξ</span> <span class='ocrx_word' id='word_1_157' title='bbox 132 1689 264 1732; x_wconf 90' lang='lat' dir='ltr'>laevo</span> <span class='ocrx_word' id='word_1_158' title='bbox 307 1704 463 1742; x_wconf 89' lang='lat' dir='ltr'>amne;</span> <span class='ocrx_word' id='word_1_159' title='bbox 511 1696 800 1745; x_wconf 88' lang='lat' dir='ltr'>erratumque</span> <span class='ocrx_word' id='word_1_160' title='bbox 838 1691 883 1732; x_wconf 93' lang='lat' dir='ltr'>in</span> <span class='ocrx_word' id='word_1_161' title='bbox 917 1701 971 1732; x_wconf 89' lang='lat' dir='ltr'>eo</span> <span class='ocrx_word' id='word_1_162' title='bbox 1005 1691 1128 1744; x_wconf 89' lang='lat' dir='ltr'>quod</span> <span class='ocrx_word' id='word_1_163' title='bbox 1163 1704 1254 1731; x_wconf 88' lang='lat' dir='ltr'>non</span> <span class='ocrx_word' id='word_1_164' title='bbox 1288 1690 1502 1732; x_wconf 86' lang='lat' dir='ltr'>subvexit</span> <span class='ocrx_word' id='word_1_165' title='bbox 1534 1696 1740 1744; x_wconf 90' lang='lat' dir='ltr'>transpo-</span> 
     </span>
     <span class='ocr_line' id='line_1_22' title="bbox 90 1770 1739 1833; baseline -0.001 -20.077"><span class='ocrx_word' id='word_1_166' title='bbox 90 1771 220 1827; x_wconf 29' lang='lat' dir='ltr'>„suit</span> <span class='ocrx_word' id='word_1_167' title='bbox 246 1771 438 1833; x_wconf 82' lang='lat' dir='ltr'>militem</span> <span class='ocrx_word' id='word_1_168' title='bbox 468 1772 653 1813; x_wconf 87' lang='lat' dir='ltr'>dextras</span> <span class='ocrx_word' id='word_1_169' title='bbox 682 1772 727 1812; x_wconf 91' lang='lat' dir='ltr'>in</span> <span class='ocrx_word' id='word_1_170' title='bbox 745 1777 887 1812; x_wconf 90' lang='lat' dir='ltr'>terras</span> <span class='ocrx_word' id='word_1_171' title='bbox 905 1772 1095 1812; x_wconf 90' lang='lat' dir='ltr'>iturum:</span> <span class='ocrx_word' id='word_1_172' title='bbox 1126 1771 1189 1812; x_wconf 93' lang='lat' dir='ltr'>ita</span> <span class='ocrx_word' id='word_1_173' title='bbox 1207 1770 1358 1825; x_wconf 89' lang='lat' dir='ltr'>plures</span> <span class='ocrx_word' id='word_1_174' title='bbox 1376 1771 1472 1811; x_wconf 91' lang='lat' dir='ltr'>dies</span> <span class='ocrx_word' id='word_1_175' title='bbox 1490 1771 1739 1812; x_wconf 86' lang='lat' dir='ltr'>efficiendis</span> 
     </span>
     <span class='ocr_line' id='line_1_23' title="bbox 31 1832 657 1907; baseline 0 -13"><span class='ocrx_word' id='word_1_176' title='bbox 31 1832 34 1839; x_wconf 27' lang='lat'><strong><em>¹</em></strong></span> <span class='ocrx_word' id='word_1_177' title='bbox 128 1852 347 1907; x_wconf 87' lang='lat' dir='ltr'>pontibus</span> <span class='ocrx_word' id='word_1_178' title='bbox 381 1852 657 1907; x_wconf 88' lang='lat' dir='ltr'>absumpti&#39;’.</span> 
     </span>
     <span class='ocr_line' id='line_1_24' title="bbox 140 1932 1738 1989; baseline -0.001 -14"><span class='ocrx_word' id='word_1_179' title='bbox 140 1981 146 1989; x_wconf 66' lang='lat'>.,</span> <span class='ocrx_word' id='word_1_180' title='bbox 187 1932 366 1975; x_wconf 92' lang='lat' dir='ltr'>Vocem</span> <span class='ocrx_word' id='word_1_181' title='bbox 398 1947 474 1974; x_wconf 85' lang='lat' dir='ltr'>ore</span> <span class='ocrx_word' id='word_1_182' title='bbox 505 1933 683 1975; x_wconf 83' lang='lat' dir='ltr'>addidit</span> <span class='ocrx_word' id='word_1_183' title='bbox 717 1933 1055 1987; x_wconf 86' lang='lat' dir='ltr'>Nipperdeyus,</span> <span class='ocrx_word' id='word_1_184' title='bbox 1089 1937 1211 1973; x_wconf 91' lang='lat' dir='ltr'>recte</span> <span class='ocrx_word' id='word_1_185' title='bbox 1245 1937 1293 1973; x_wconf 93' lang='lat' dir='ltr'>ut</span> <span class='ocrx_word' id='word_1_186' title='bbox 1321 1932 1506 1986; x_wconf 91' lang='lat' dir='ltr'>opin0r;</span> <span class='ocrx_word' id='word_1_187' title='bbox 1534 1932 1738 1974; x_wconf 79' lang='lat' dir='ltr'>subvexit</span> 
     </span>
     <span class='ocr_line' id='line_1_25' title="bbox 128 2012 1734 2069; baseline -0.002 -13"><span class='ocrx_word' id='word_1_188' title='bbox 128 2014 406 2069; x_wconf 82' lang='lat' dir='ltr'>transposuit</span> <span class='ocrx_word' id='word_1_189' title='bbox 446 2014 681 2068; x_wconf 90' lang='lat' dir='ltr'>quomodo</span> <span class='ocrx_word' id='word_1_190' title='bbox 719 2014 1016 2055; x_wconf 86' lang='lat' dir='ltr'>emendemus</span> <span class='ocrx_word' id='word_1_191' title='bbox 1049 2026 1209 2067; x_wconf 90' lang='lat' dir='ltr'>parum</span> <span class='ocrx_word' id='word_1_192' title='bbox 1242 2012 1392 2063; x_wconf 86' lang='lat' dir='ltr'>refert,</span> <span class='ocrx_word' id='word_1_193' title='bbox 1428 2013 1582 2054; x_wconf 81' lang='lat' dir='ltr'>omnia</span> <span class='ocrx_word' id='word_1_194' title='bbox 1613 2014 1734 2054; x_wconf 89' lang='lat' dir='ltr'>enim</span> 
     </span>
     <span class='ocr_line' id='line_1_26' title="bbox 129 2093 1736 2149; baseline -0.001 -14"><span class='ocrx_word' id='word_1_195' title='bbox 129 2093 202 2135; x_wconf 88' lang='lat' dir='ltr'>hic</span> <span class='ocrx_word' id='word_1_196' title='bbox 229 2094 338 2136; x_wconf 88' lang='lat' dir='ltr'>satis</span> <span class='ocrx_word' id='word_1_197' title='bbox 364 2100 468 2135; x_wconf 90' lang='lat' dir='ltr'>sunt</span> <span class='ocrx_word' id='word_1_198' title='bbox 498 2095 749 2149; x_wconf 90' lang='lat' dir='ltr'>perspicua,</span> <span class='ocrx_word' id='word_1_199' title='bbox 779 2094 1030 2135; x_wconf 92' lang='lat' dir='ltr'>dummodo</span> <span class='ocrx_word' id='word_1_200' title='bbox 1058 2093 1145 2134; x_wconf 93' lang='lat' dir='ltr'>hoc</span> <span class='ocrx_word' id='word_1_201' title='bbox 1173 2098 1410 2139; x_wconf 83' lang='lat' dir='ltr'>teneamus</span> <span class='ocrx_word' id='word_1_202' title='bbox 1428 2093 1568 2134; x_wconf 91' lang='lat' dir='ltr'>verba</span> <span class='ocrx_word' id='word_1_203' title='bbox 1577 2093 1736 2148; x_wconf 82' lang='lat' dir='ltr'>plures</span> 
     </span>
     <span class='ocr_line' id='line_1_27' title="bbox 130 2174 1733 2230; baseline 0 -14"><span class='ocrx_word' id='word_1_204' title='bbox 130 2174 224 2216; x_wconf 81' lang='lat' dir='ltr'>dies</span> <span class='ocrx_word' id='word_1_205' title='bbox 263 2174 498 2228; x_wconf 84' lang='lat' dir='ltr'>efficiendis</span> <span class='ocrx_word' id='word_1_206' title='bbox 529 2175 738 2230; x_wconf 83' lang='lat' dir='ltr'>pontibus</span> <span class='ocrx_word' id='word_1_207' title='bbox 778 2175 1002 2230; x_wconf 79' lang='lat' dir='ltr'>absumpti</span> <span class='ocrx_word' id='word_1_208' title='bbox 1041 2174 1113 2215; x_wconf 92' lang='lat' dir='ltr'>hic</span> <span class='ocrx_word' id='word_1_209' title='bbox 1158 2175 1307 2229; x_wconf 90' lang='lat' dir='ltr'>posita</span> <span class='ocrx_word' id='word_1_210' title='bbox 1350 2188 1446 2215; x_wconf 89' lang='lat' dir='ltr'>esse</span> <span class='ocrx_word' id='word_1_211' title='bbox 1489 2180 1538 2216; x_wconf 91' lang='lat' dir='ltr'>ut</span> <span class='ocrx_word' id='word_1_212' title='bbox 1579 2175 1733 2216; x_wconf 88' lang='lat' dir='ltr'>statim</span> 
     </span>
     <span class='ocr_line' id='line_1_28' title="bbox 132 2254 1733 2309; baseline -0.001 -13"><span class='ocrx_word' id='word_1_213' title='bbox 132 2254 374 2296; x_wconf 90' lang='lat' dir='ltr'>verborum</span> <span class='ocrx_word' id='word_1_214' title='bbox 406 2263 696 2309; x_wconf 84' lang='lat' dir='ltr'>erratumque</span> <span class='ocrx_word' id='word_1_215' title='bbox 727 2269 765 2297; x_wconf 87' lang='lat' dir='ltr'>e.</span> <span class='ocrx_word' id='word_1_216' title='bbox 785 2269 827 2309; x_wconf 95' lang='lat' dir='ltr'>q.</span> <span class='ocrx_word' id='word_1_217' title='bbox 847 2269 881 2296; x_wconf 86' lang='lat' dir='ltr'>s.</span> <span class='ocrx_word' id='word_1_218' title='bbox 915 2256 1031 2296; x_wconf 89' lang='lat' dir='ltr'>ratio</span> <span class='ocrx_word' id='word_1_219' title='bbox 1065 2255 1343 2304; x_wconf 87' lang='lat' dir='ltr'>redderetur,</span> <span class='ocrx_word' id='word_1_220' title='bbox 1377 2268 1482 2295; x_wconf 89' lang='lat' dir='ltr'>nam</span> <span class='ocrx_word' id='word_1_221' title='bbox 1511 2255 1565 2306; x_wconf 39' lang='lat' dir='ltr'>in!</span> <span class='ocrx_word' id='word_1_222' title='bbox 1584 2269 1733 2296; x_wconf 92' lang='lat' dir='ltr'>rerum</span> 
     </span>
     <span class='ocr_line' id='line_1_29' title="bbox 129 2335 1732 2389; baseline 0.001 -13"><span class='ocrx_word' id='word_1_223' title='bbox 129 2340 359 2389; x_wconf 89' lang='lat' dir='ltr'>gestarum</span> <span class='ocrx_word' id='word_1_224' title='bbox 403 2336 562 2378; x_wconf 90' lang='lat' dir='ltr'>ordine</span> <span class='ocrx_word' id='word_1_225' title='bbox 605 2335 715 2377; x_wconf 91' lang='lat' dir='ltr'>illud</span> <span class='ocrx_word' id='word_1_226' title='bbox 759 2336 842 2377; x_wconf 90' lang='lat' dir='ltr'>fuit</span> <span class='ocrx_word' id='word_1_227' title='bbox 885 2335 1117 2385; x_wconf 91' lang='lat' dir='ltr'>ultimum;</span> <span class='ocrx_word' id='word_1_228' title='bbox 1158 2335 1471 2377; x_wconf 89' lang='lat' dir='ltr'>huiuscemodi</span> <span class='ocrx_word' id='word_1_229' title='bbox 1504 2336 1626 2376; x_wconf 90' lang='lat' dir='ltr'>enim</span> <span class='ocrx_word' id='word_1_230' title='bbox 1659 2335 1732 2377; x_wconf 93' lang='lat' dir='ltr'>ille</span> 
     </span>
     <span class='ocr_line' id='line_1_30' title="bbox 128 2415 381 2458; baseline 0.008 -2"><span class='ocrx_word' id='word_1_231' title='bbox 128 2416 242 2458; x_wconf 91' lang='lat' dir='ltr'>ordo</span> <span class='ocrx_word' id='word_1_232' title='bbox 275 2415 381 2458; x_wconf 82' lang='lat' dir='ltr'>fuit:</span> 
     </span>
    </p>

    <p class='ocr_par' dir='ltr' id='par_1_6' title="bbox 186 2495 1646 2552">
     <span class='ocr_line' id='line_1_31' title="bbox 186 2495 1646 2552; baseline -0.001 -14"><span class='ocrx_word' id='word_1_233' title='bbox 186 2511 228 2538; x_wconf 89' lang='lat' dir='ltr'>a.</span> <span class='ocrx_word' id='word_1_234' title='bbox 262 2497 314 2538; x_wconf 91' lang='lat' dir='ltr'>In</span> <span class='ocrx_word' id='word_1_235' title='bbox 347 2511 425 2539; x_wconf 92' lang='lat' dir='ltr'>ore</span> <span class='ocrx_word' id='word_1_236' title='bbox 457 2497 663 2539; x_wconf 90' lang='lat' dir='ltr'>Amisiae</span> <span class='ocrx_word' id='word_1_237' title='bbox 695 2498 753 2538; x_wconf 94' lang='lat' dir='ltr'>ad</span> <span class='ocrx_word' id='word_1_238' title='bbox 787 2498 932 2552; x_wconf 89' lang='lat' dir='ltr'>ripam</span> <span class='ocrx_word' id='word_1_239' title='bbox 965 2497 1191 2538; x_wconf 90' lang='lat' dir='ltr'>sinistram</span> <span class='ocrx_word' id='word_1_240' title='bbox 1225 2495 1462 2550; x_wconf 89' lang='lat' dir='ltr'>appellunt</span> <span class='ocrx_word' id='word_1_241' title='bbox 1494 2510 1646 2538; x_wconf 90' lang='lat' dir='ltr'>naves.</span> 
     </span>
    </p>

    <p class='ocr_par' dir='ltr' id='par_1_7' title="bbox 184 2576 1728 2632">
     <span class='ocr_line' id='line_1_32' title="bbox 184 2576 1728 2632; baseline -0.001 -13"><span class='ocrx_word' id='word_1_242' title='bbox 184 2577 222 2619; x_wconf 85' lang='lat' dir='ltr'>b.</span> <span class='ocrx_word' id='word_1_243' title='bbox 257 2577 326 2618; x_wconf 91' lang='lat' dir='ltr'>Ibi</span> <span class='ocrx_word' id='word_1_244' title='bbox 373 2579 626 2619; x_wconf 90' lang='lat' dir='ltr'>escendunt</span> <span class='ocrx_word' id='word_1_245' title='bbox 669 2578 847 2628; x_wconf 91' lang='lat' dir='ltr'>milites,</span> <span class='ocrx_word' id='word_1_246' title='bbox 892 2591 1085 2631; x_wconf 89' lang='lat' dir='ltr'>quorum</span> <span class='ocrx_word' id='word_1_247' title='bbox 1129 2582 1283 2618; x_wconf 89' lang='lat' dir='ltr'>tamen</span> <span class='ocrx_word' id='word_1_248' title='bbox 1326 2576 1543 2626; x_wconf 89' lang='lat' dir='ltr'>nonnulli,</span> <span class='ocrx_word' id='word_1_249' title='bbox 1588 2577 1728 2632; x_wconf 87' lang='lat' dir='ltr'>prius-</span> 
     </span>
    </p>

    <p class='ocr_par' dir='ltr' id='par_1_8' title="bbox 259 2658 1187 2712">
     <span class='ocr_line' id='line_1_33' title="bbox 259 2658 1187 2712; baseline 0 -12"><span class='ocrx_word' id='word_1_250' title='bbox 259 2672 396 2712; x_wconf 89' lang='lat' dir='ltr'>quam</span> <span class='ocrx_word' id='word_1_251' title='bbox 429 2663 597 2700; x_wconf 88' lang='lat' dir='ltr'>terram</span> <span class='ocrx_word' id='word_1_252' title='bbox 629 2664 853 2708; x_wconf 89' lang='lat' dir='ltr'>tenerent,</span> <span class='ocrx_word' id='word_1_253' title='bbox 887 2658 1035 2699; x_wconf 89' lang='lat' dir='ltr'>hausti</span> <span class='ocrx_word' id='word_1_254' title='bbox 1068 2663 1187 2700; x_wconf 91' lang='lat' dir='ltr'>sunt.</span> 
     </span>
    </p>

    <p class='ocr_par' dir='ltr' id='par_1_9' title="bbox 184 2738 1427 2794">
     <span class='ocr_line' id='line_1_34' title="bbox 184 2738 1427 2794; baseline 0 -14"><span class='ocrx_word' id='word_1_255' title='bbox 184 2752 218 2780; x_wconf 89' lang='lat' dir='ltr'>c.</span> <span class='ocrx_word' id='word_1_256' title='bbox 254 2738 372 2793; x_wconf 91' lang='lat' dir='ltr'>Ripa</span> <span class='ocrx_word' id='word_1_257' title='bbox 404 2739 583 2781; x_wconf 87' lang='lat' dir='ltr'>sinistra</span> <span class='ocrx_word' id='word_1_258' title='bbox 616 2739 896 2794; x_wconf 91' lang='lat' dir='ltr'>aliquamdiu</span> <span class='ocrx_word' id='word_1_259' title='bbox 929 2739 1094 2780; x_wconf 91' lang='lat' dir='ltr'>milites</span> <span class='ocrx_word' id='word_1_260' title='bbox 1126 2739 1211 2779; x_wconf 91' lang='lat' dir='ltr'>iter</span> <span class='ocrx_word' id='word_1_261' title='bbox 1243 2738 1427 2780; x_wconf 91' lang='lat' dir='ltr'>faciunt.</span> 
     </span>
    </p>

    <p class='ocr_par' dir='ltr' id='par_1_10' title="bbox 186 2818 1681 2874">
     <span class='ocr_line' id='line_1_35' title="bbox 186 2818 1681 2874; baseline 0.001 -14"><span class='ocrx_word' id='word_1_262' title='bbox 186 2818 229 2860; x_wconf 89' lang='lat' dir='ltr'>d.</span> <span class='ocrx_word' id='word_1_263' title='bbox 263 2819 432 2860; x_wconf 91' lang='lat' dir='ltr'>Pontes</span> <span class='ocrx_word' id='word_1_264' title='bbox 464 2819 579 2860; x_wconf 88' lang='lat' dir='ltr'>fiunt</span> <span class='ocrx_word' id='word_1_265' title='bbox 612 2825 661 2860; x_wconf 93' lang='lat' dir='ltr'>ut</span> <span class='ocrx_word' id='word_1_266' title='bbox 694 2819 917 2873; x_wconf 90' lang='lat' dir='ltr'>reliquum</span> <span class='ocrx_word' id='word_1_267' title='bbox 951 2819 1037 2860; x_wconf 91' lang='lat' dir='ltr'>iter</span> <span class='ocrx_word' id='word_1_268' title='bbox 1070 2820 1232 2860; x_wconf 88' lang='lat' dir='ltr'>dextra</span> <span class='ocrx_word' id='word_1_269' title='bbox 1266 2819 1408 2873; x_wconf 89' lang='lat' dir='ltr'>possit</span> <span class='ocrx_word' id='word_1_270' title='bbox 1442 2818 1537 2860; x_wconf 88' lang='lat' dir='ltr'>fieri</span> <span class='ocrx_word' id='word_1_271' title='bbox 1571 2820 1681 2874; x_wconf 87' lang='lat' dir='ltr'>ripa.</span> 
     </span>
    </p>

    <p class='ocr_par' dir='ltr' id='par_1_11' title="bbox 5 2899 1728 3023">
     <span class='ocr_line' id='line_1_36' title="bbox 39 2899 1728 2959; baseline 0.001 -19"><span class='ocrx_word' id='word_1_272' title='bbox 39 2954 42 2959; x_wconf 26' lang='grc' dir='ltr'>Ι</span> <span class='ocrx_word' id='word_1_273' title='bbox 188 2899 315 2940; x_wconf 87' lang='lat' dir='ltr'>Haec</span> <span class='ocrx_word' id='word_1_274' title='bbox 347 2905 516 2950; x_wconf 87' lang='lat' dir='ltr'>tamen,</span> <span class='ocrx_word' id='word_1_275' title='bbox 546 2914 824 2954; x_wconf 90' lang='lat' dir='ltr'>quamquam</span> <span class='ocrx_word' id='word_1_276' title='bbox 853 2899 1051 2954; x_wconf 88' lang='lat' dir='ltr'>aliquam</span> <span class='ocrx_word' id='word_1_277' title='bbox 1080 2899 1315 2953; x_wconf 86' lang='lat' dir='ltr'>requirunt</span> <span class='ocrx_word' id='word_1_278' title='bbox 1342 2899 1728 2954; x_wconf 87' lang='lat' dir='ltr'>explanationem,</span> 
     </span>
     <span class='ocr_line' id='line_1_37' title="bbox 5 2967 1726 3023; baseline 0.002 -3"><span class='ocrx_word' id='word_1_279' title='bbox 5 2967 57 3014; x_wconf 50' lang='lat' dir='ltr'>*ff</span> <span class='ocrx_word' id='word_1_280' title='bbox 125 2991 152 3020; x_wconf 87' lang='lat' dir='ltr'>a</span> <span class='ocrx_word' id='word_1_281' title='bbox 193 2979 356 3021; x_wconf 88' lang='lat' dir='ltr'>Tacito</span> <span class='ocrx_word' id='word_1_282' title='bbox 399 2994 491 3021; x_wconf 91' lang='lat' dir='ltr'>non</span> <span class='ocrx_word' id='word_1_283' title='bbox 537 2981 670 3022; x_wconf 89' lang='lat' dir='ltr'>nimis</span> <span class='ocrx_word' id='word_1_284' title='bbox 713 2986 922 3022; x_wconf 92' lang='lat' dir='ltr'>contorte</span> <span class='ocrx_word' id='word_1_285' title='bbox 967 2980 1217 3021; x_wconf 90' lang='lat' dir='ltr'>obscureve</span> <span class='ocrx_word' id='word_1_286' title='bbox 1260 2985 1364 3023; x_wconf 84' lang='lat' dir='ltr'>sunt</span> <span class='ocrx_word' id='word_1_287' title='bbox 1407 2986 1600 3023; x_wconf 85' lang='lat' dir='ltr'>narrata.</span> <span class='ocrx_word' id='word_1_288' title='bbox 1635 2980 1726 3023; x_wconf 87' lang='lat' dir='ltr'>Sed</span> 
     </span>
    </p>
   </div>
   <div class='ocr_carea' id='block_1_4' title="bbox 0 0 74 3412">
    <p class='ocr_par' dir='ltr' id='par_1_12' title="bbox 0 0 74 3412">
     <span class='ocr_line' id='line_1_38' title="bbox 0 0 74 3412; baseline 0 0"><span class='ocrx_word' id='word_1_289' title='bbox 0 0 74 3412; x_wconf 95' lang='lat' dir='ltr'> </span> 
     </span>
    </p>
   </div>
  </div>
 </body>
</html>
