2040 3412
1079 282 1165 314 210

317 390 478 444 aliquis
495 390 655 431 recitet
673 390 777 431 ista:
798 404 1110 445 „nequaquam
1129 391 1225 445 pari
1244 391 1503 432 innocentia
1520 395 1625 444 post
1641 384 1958 460 Cremonamffss

318 468 512 523 agebat⁹⁹
527 487 536 510 z
570 470 723 511 statim
758 471 917 512 vitium
949 463 1961 526 sentiet.

379 549 437 590 H.
486 550 566 599 III,
617 560 686 604 73.
747 549 1021 604 Capitolium
1069 550 1438 604 aggredientibus
1486 550 1756 602 Vitellianis,
1803 550 1951 599 dum
1946 537 1977 590 f*

319 628 513 670 Sabinus
545 630 655 682 quid
688 630 732 670 in
765 635 894 670 tanto
927 644 1076 671 rerum
1110 630 1367 671 discrimine
1400 635 1506 684 agat
1538 630 1702 672 dubius
1732 630 1938 675 haeret&
1937 626 1980 650 ¹

324 709 613 763 „inrumpunt
646 709 880 750 Vitelliani
914 715 960 750 et
994 715 1157 751 cuncta
1189 709 1306 750 ferro
1339 709 1612 764 flammaque
1645 710 1853 753 miscent.
1856 709 1882 733 ’³
1907 719 1909 722 ⁴

380 789 450 829 De
493 788 592 842 ipso
633 787 859 843 Capitolio
899 803 1048 830 sermo
1080 789 1152 830 hic
1185 795 1267 839 est,
1301 789 1358 830 de
1390 789 1662 839 hominibus,
1695 789 1772 844 qui
1802 789 1967 837 tunc

319 868 454 909 occisi
486 873 604 918 sunt,
637 868 682 908 in
715 868 1009 922 sequentibus
1042 869 1201 923 agitur.
1235 868 1451 911 Confudit
1483 882 1590 923 ergo
1622 869 1970 926 corrupitque

320 947 485 997 omnia,
531 948 606 1001 qui
650 948 836 989 inseruit
875 962 1103 1003 sanguzne.
1148 948 1252 990 Non
1296 949 1417 990 enim
1459 948 1724 1003 languidum
1766 949 1963 995 solum

319 1032 387 1068 est
429 1028 644 1082 sanguine
674 1029 814 1082 ferro
843 1029 1134 1084 flammaque,
1177 1007 1272 1079 sed,
1318 1029 1402 1070 nisi
1448 1042 1520 1070 me
1553 1029 1713 1072 fallunt
1745 1029 1912 1081 omnia,

320 1121 376 1148 ne
411 1107 626 1148 Latinum
659 1107 859 1161 quidem.
1910 1131 1921 1167 3

381 1187 447 1228 Ib.
496 1187 857 1242 Irrumpentibus
905 1188 950 1229 in
999 1188 1273 1243 Capitolium
1323 1188 1594 1239 Vitellianis,
1642 1188 1789 1232 Flavii
1833 1170 1982 1243 *Sa-13³¹

319 1267 413 1308 bini
447 1267 612 1308 milites
644 1267 779 1308 variis
810 1268 981 1309 artibus
1014 1268 1220 1322 dolisque
1251 1269 1444 1310 salutem
1475 1268 1826 1323 quaesiverunt:
1854 1289 1871 1306 .·
1904 1286 1907 1288 ·
1944 1281 1960 1327 ᾖ

384 1346 545 1400 „fuere,
590 1347 665 1401 qui
709 1353 905 1402 excepto
950 1348 1299 1390 Vitellianorum
1342 1349 1471 1403 signo
1513 1348 1632 1390 ultro
1664 1332 1983 1412 rogitantes}

322 1427 558 1468 audaciam
591 1441 673 1481 pro
706 1427 881 1469 latebra
913 1427 1179 1469 haberent.”
1852 1462 1854 1464 ψ
1905 1409 1970 1479 ’ἦ

382 1507 645 1550 Planissima
677 1508 811 1559 haee;
846 1522 981 1550 nemo
1010 1509 1131 1550 enim
1157 1509 1228 1550 vel
1253 1510 1542 1551 mediocriter
1565 1510 1731 1552 Latine
1752 1509 1914 1554 doctus

323 1588 379 1629 de
404 1601 496 1641 quo
521 1587 593 1628 hic
618 1589 744 1643 signo
768 1589 826 1629 sit
848 1602 997 1629 sermo
1023 1589 1265 1630 dubitabit.
1293 1589 1467 1630 Tamen
1494 1589 1776 1644 Nipperdeio
1799 1577 1919 1646 opus

322 1668 416 1717 fuit,
452 1669 528 1722 qui
558 1668 728 1722 primus
754 1669 971 1710 insulsum
999 1669 1178 1710 tolleret
1206 1670 1663 1723 interpretamentum
1688 1683 1772 1724 quo
1798 1651 1982 1736 intersis

321 1762 366 1789 se
390 1747 687 1798 noscebantur,
714 1749 836 1802 quod
863 1749 920 1790 ad
938 1748 1054 1790 illius
1072 1763 1213 1803 usque
1232 1754 1431 1790 aetatem
1449 1749 1550 1791 voci
1567 1748 1628 1790 illi
1647 1749 1914 1795 adiunctum

322 1827 418 1868 fuit
453 1827 513 1868 Et
538 1841 594 1868 ne
619 1827 707 1868 hoc
731 1828 917 1881 quidem
941 1829 1257 1870 additamento
1281 1833 1523 1869 contentus
1540 1828 1623 1870 fuit
1639 1828 1817 1880 sciolus,
1832 1817 1990 1896 sedjs

322 1913 558 1960 praeterea
589 1908 828 1962 adscripsit
860 1907 1044 1962 aliquid,
1078 1909 1215 1962 quo‚d
1248 1909 1358 1949 item
1385 1909 1430 1950 in
1458 1913 1636 1950 textum
1663 1913 1967 1964 receptum,

324 1988 541 2028 maiorem
581 1987 719 2028 etiam
760 1987 800 2028 ei
841 1987 992 2029 labem
1031 1988 1206 2029 attulit:
1250 1987 1456 2029 Flaviani
1494 1987 1557 2029 illi
1596 1987 1776 2038 milites,
1805 1986 1921 2032 cuin*

321 2067 461 2108 semel
501 2067 850 2108 Vitellianorum
883 2068 1061 2121 signum
1095 2068 1402 2122 excepissent,
1436 2067 1471 2108 si
1506 2068 1550 2109 in
1583 2068 1803 2118 hostium,
1835 2054 1982 2123 quif·

323 2147 413 2188 iarn
430 2152 806 2201 expugnaverant
819 2147 1107 2202 Capitolium,
1122 2148 1376 2188 inciderent
1393 2144 1710 2201 aliquemjnon
1727 2142 1921 2203 exspem⁴
1945 2146 1985 2189 ,ἵ

320 2226 480 2268 tabant
506 2228 654 2268 donec
679 2228 736 2268 ab
763 2227 847 2268 illis
871 2229 1049 2281 signum
1073 2233 1359 2282 rogarentur,
1387 2228 1467 2269 sed
1493 2227 1612 2269 ultro
1635 2226 1918 2283 rogitabant}

317 2312 673 2348 consentaneum
707 2306 816 2348 illud
851 2313 919 2348 est
946 2313 992 2348 et
1020 2307 1150 2348 unice
1179 2308 1223 2348 in
1249 2307 1368 2348 hunc
1392 2320 1544 2348 casum
1569 2307 1799 2348 convenit.
1844 2304 1929 2364 At„

316 2385 636 2426 absurdissime
653 2386 697 2426 in
717 2387 875 2427 codice
892 2386 1074 2440 legitur:
1094 2386 1236 2440 „ultro
1254 2387 1504 2440 rogitantes
1516 2385 1917 2442 respondente-<velt

317 2465 430 2506 Cum
474 2466 763 2519 respondendi
804 2466 924 2506 enim
966 2467 1108 2508 verbo
1153 2466 1274 2507 nullo
1319 2467 1456 2507 modo
1493 2449 1767 2508 adverbium?
1793 2459 1979 2530 ultra}

316 2545 528 2598 coniungi
556 2550 721 2599 potest,
752 2551 798 2586 et
826 2546 963 2598 quod,
993 2551 1209 2587 tesseram
1239 2546 1397 2600 rogati,
1428 2547 1686 2600 respondent
1710 2546 1755 2587 in
1783 2548 1839 2588 ea
1863 2534 1981 2595 re]⁶

314 2625 528 2665 audaciae
559 2624 669 2665 nihil
702 2630 784 2666 est.
1479 2607 1483 2611 .

376 2704 433 2744 H.
480 2705 559 2754 III,
601 2705 669 2758 83.
710 2705 935 2746 Pioelium
968 2706 1085 2746 inter
1118 2705 1361 2746 Flavianos
1394 2705 1756 2759 Vitellianosque
1788 2699 1980 2752 comx³

317 2783 510 2824 mittitur
541 2784 586 2824 in
620 2797 783 2838 campo
818 2785 1007 2825 Martio:

381 2862 582 2914 „Aderat
625 2864 932 2918 pugnantibus
972 2870 1203 2919 spectator
1247 2863 1454 2918 populus,
1487 2870 1626 2918 utque
1658 2865 1703 2906 in
1735 2858 1958 2910 ludicro

315 2943 575 2992 certamine,
601 2943 696 2993 hos,
722 2958 870 2985 rursus
894 2944 1007 2994 illos,
1033 2945 1230 2986 clamore
1248 2950 1294 2985 et
1312 2944 1468 2998 plausu
1487 2944 1686 2986 fovebat.
1719 2943 1967 2999 Quoties
1950 3006 1954 3007 ⁷
