2040 3412
1093 303 1150 347 70

322 413 533 462 editores,
563 418 666 467 post
692 412 926 467 epularum
953 412 1176 466 ponimus,
1206 418 1252 454 et
1278 414 1568 455 recordamur
1593 427 1730 468 quam
1757 427 1918 469 parum,
1934 405 1946 437 ·’

320 493 377 534 sit
418 491 677 546 emphatica
713 492 835 546 apud
867 491 1077 534 Tacitum
1112 474 1332 547 particula
1363 502 1454 543 aut,
1487 494 1768 548 aptissimam
1798 482 1972 553 hanef

319 573 619 614 nanciscimur
646 573 941 614 sententiam:
972 574 1109 615 modo
1139 588 1246 628 prae
1269 573 1413 628 epulis
1433 574 1524 616 suis
1545 575 1765 616 stationes
1785 575 1918 618 omit·

319 653 492 702 tebant,
529 653 666 694 modo
699 652 776 694 illo
809 658 1016 707 tempore
1049 653 1138 694 iam
1171 653 1283 694 ebrii
1316 654 1693 708 procumbebant.

408 732 531 774 Ann.
577 733 657 783 XI,
703 734 772 774 28.
816 733 987 788 (Allato
1031 747 1209 775 rumore
1246 735 1303 775 de
1342 734 1510 789 nuptiis
1541 734 1637 776 istis
1670 733 1767 776 Silii
1798 734 1919 778 Mese

318 812 590 867 salinaeque,
635 812 810 854 Claudii
851 813 1015 862 liberti,
1058 827 1164 854 suae
1207 819 1463 855 metuentes
1505 814 1752 868 potentiae,
1794 827 1918 857 acer-s
1943 818 1995 874 31:

322 892 504 934 bissime
536 893 581 934 in
616 892 904 933 Messalinam
938 893 1251 948 invehuntur):

384 971 602 1025 „Subibat
644 972 739 1013 sine
778 972 917 1014 dubio
955 978 1102 1014 metus
1134 963 1397 1028 reputantes
1430 972 1644 1014 hebetem
1677 972 1916 1016 Claudium

320 1058 366 1093 et
409 1053 539 1093 uxori
581 1053 843 1094 devinctum
888 1053 1141 1107 multasque
1185 1058 1353 1094 mortes
1385 1054 1504 1094 iussu
1538 1052 1808 1097 Messalinae
1839 1067 1917 1108 pa-

320 1137 474 1173 tratas.
519 1132 688 1174 Rursus
730 1133 828 1187 ipsa
870 1132 1060 1174 facilitas
1102 1133 1389 1187 imperatoris
1429 1133 1641 1175 fiduciam
1684 1133 1916 1184 dabatssi

320 1212 559 1253 atrocitate
602 1212 800 1253 criminis
843 1211 1212 1266 praevaluissent,
1257 1225 1388 1267 posse
1426 1213 1622 1267 opprimi
1653 1212 1918 1255 damnatam
1964 1217 2000 1272 Ξ

321 1297 427 1333 ante
471 1305 607 1346 quam
646 1305 789 1341 ream;
823 1292 903 1333 sed
937 1292 981 1333 in
1015 1305 1070 1333 eo
1103 1292 1343 1333 discrimen
1377 1292 1504 1342 verti,
1538 1292 1574 1333 si
1607 1291 1810 1335 defensio
1840 1305 1919 1336 au·
1946 1292 1982 1322 -'

320 1372 491 1412 ditetur
524 1377 664 1426 utque
697 1371 874 1413 clausae
906 1385 1035 1412 aures
1067 1372 1203 1412 etiam
1237 1371 1473 1412 confitenti
1505 1371 1696 1413 forent'’.

382 1452 468 1493 Hic
512 1452 666 1493 omnia
702 1451 1051 1502 confunduntur,
1092 1466 1238 1506 neque
1270 1451 1360 1494 ulla
1391 1451 1651 1506 agnoscitur
1682 1432 2008 1506 cogitatio-'²³²3

322 1546 430 1573 num
473 1532 944 1590 deliberationumque
982 1533 1132 1582 series,
1166 1532 1249 1573 nisi
1281 1532 1390 1586 quid
1423 1532 1480 1573 sit
1511 1532 1604 1574 sine
1632 1531 1761 1574 dubio
1792 1537 1919 1575 tene-
1962 1526 1986 1578 ξ

322 1626 441 1653 mus:
490 1613 752 1655 concedentis
798 1612 906 1653 illud
947 1618 1028 1653 est.
1074 1611 1148 1654 Sic
1190 1612 1311 1653 enim
1355 1612 1557 1666 disputat
1599 1611 1807 1654 Tacitus:
1854 1610 1916 1666 „si

321 1692 421 1745 quis
449 1705 521 1732 me
549 1698 697 1746 roget:
725 1705 876 1733 nonne
905 1705 1013 1746 ergo
1041 1691 1330 1733 Messalinam
1357 1692 1507 1733 liberti
1535 1692 1607 1733 isti
1635 1691 1917 1743 metuebant,

322 1771 645 1825 respondeam:
682 1771 888 1826 profecto
923 1771 1188 1813 metuebant
1219 1785 1333 1821 eam,
1367 1771 1446 1813 sed
1479 1785 1518 1812 e.
1552 1785 1595 1825 q.
1627 1769 1692 1812 s.”

381 1850 515 1904 Quod
563 1857 715 1893 autem
763 1852 821 1893 ad
868 1851 977 1893 illud
1025 1860 1154 1906 utque
1199 1832 1410 1906 pertinet,
1458 1850 1682 1892 brevitate
1719 1849 1919 1901 Tacite&
1952 1865 1998 1907 χεῖ»

322 1931 519 1985 positum
553 1937 708 1972 censet
742 1931 1048 1986 Nipperdeius
1080 1931 1167 1972 hoc
1194 1944 1346 1972 sensu:
1381 1936 1452 1984 „et
1479 1930 1601 1985 quod
1630 1929 1918 1972 efficiendum

321 2016 439 2053 esset
485 2016 532 2052 ut
567 2042 576 2051 .
596 2043 605 2052 .
625 2010 679 2052 .”.
723 2010 814 2053 Sed
858 2016 951 2052 tam
990 2015 1198 2052 contorte
1236 2010 1439 2052 locutum
1471 2009 1682 2051 Tacitum
1714 2009 1792 2051 vix
1822 2020 1917 2051 cre-

321 2090 472 2140 dibile,
516 2096 653 2145 atque
696 2091 815 2132 istud
857 2098 900 2132 et
937 2091 1056 2144 quod
1092 2103 1250 2144 parum
1292 2094 1450 2144 aptum
1487 2094 1555 2131 est
1591 2087 1820 2131 vinculum
1854 2087 1914 2146 ad

319 2171 556 2224 sequentia
587 2171 874 2212 annectenda
906 2170 1297 2224 praecedentibus
1332 2170 1455 2223 Ergo
1486 2169 1550 2210 sic
1582 2169 1733 2224 potius
1762 2167 1915 2211 locum
1943 2166 2011 2221 J·-

321 2251 545 2306 explicem
587 2257 636 2292 ut
678 2251 826 2293 dicam
867 2251 912 2292 in
951 2264 1064 2292 voce
1097 2251 1332 2292 discrimen
1365 2263 1461 2291 esse
1494 2257 1632 2292 metus
1664 2246 1926 2299 notionemf

321 2344 519 2385 ergoque
552 2339 681 2385 utque
707 2344 803 2372 esse
832 2331 857 2371 i.
888 2344 931 2384 q.
959 2338 1002 2372 et
1026 2344 1078 2372 ne
1102 2344 1185 2371 non
1207 2328 1248 2383 ¹).
1279 2329 1380 2370 Hoc
1407 2329 1542 2382 igitur
1568 2328 1679 2370 dicit
1704 2327 1911 2385 Tacitus:

324 2411 394 2464 „in
439 2424 492 2451 eo
536 2411 776 2451 discrimen
816 2410 1078 2451 vertebatur
1107 2410 1143 2450 si
1176 2409 1379 2450 defensio
1411 2408 1654 2457 audiretur,
1688 2407 1915 2468 (hoc-mes.-

320 2490 547 2543 tuebatur)
581 2504 637 2531 ne
670 2503 761 2531 non
794 2490 970 2531 clausae
997 2502 1126 2531 aures
1154 2489 1291 2530 etiam
1317 2487 1552 2529 confitenti
1578 2477 1913 2538 essent”,**sive=
1943 2505 2010 2544 ,

326 2583 400 2621 „ne
433 2577 642 2623 paterent
680 2583 809 2610 aures
851 2568 1027 2610 Claudii
1064 2569 1201 2609 etiam
1243 2566 1526 2612 confitenti&
1566 2565 1752 2621 Optime
1791 2553 1999 2628 interf*

321 2662 368 2688 se
411 2654 704 2702 opponuntur
744 2649 787 2690 si
825 2649 1020 2703 defensio
1052 2648 1289 2690 audiretur
1321 2652 1367 2688 et
1398 2647 1530 2688 etiam
1562 2645 1784 2702 confitenti
1810 2645 1839 2687 i.
1871 2658 1912 2702 e.
1943 2631 2005 2703 »ᾗ

321 2740 412 2767 non
438 2740 485 2767 se
515 2727 778 2768 defendenti
804 2728 883 2769 sed
911 2727 1176 2781 simpliciter
1200 2726 1435 2767 confitenti
1463 2730 1509 2766 et
1536 2723 1598 2766 nil
1624 2724 1708 2766 nisi
1734 2723 1914 2767 veniam
1955 2706 2014 2724 Ι

321 2807 508 2859 petenti.
555 2806 641 2847 Hic
678 2812 775 2848 erat
812 2807 958 2848 omnis
989 2807 1253 2847 libertorum
1287 2811 1456 2846 metus:
1490 2818 1548 2845 ne
1580 2804 1914 2850 nancisceretur

372 2972 405 3015 1)
432 2973 485 3005 Cf.
512 2973 591 3006 Seu.
617 2974 684 3016 Ep.
715 2982 768 3017 19,
793 2974 834 3006 6:
863 2973 1062 3016 „Sollicitus
1087 2977 1139 3004 est
1163 2977 1200 3004 ut
1226 2982 1255 3004 e.
1283 2982 1317 3014 q.
1345 2982 1371 3004 s.
