2040 3412
850 308 934 353 217

157 417 364 472 „Nomen
392 422 503 471 aput
533 422 710 458 veteres
738 418 872 467 idem,
902 419 982 460 sed
1011 418 1098 460 alia
1125 419 1170 460 in
1190 418 1405 460 iudicium
1423 417 1693 475 veniebant:

91 498 127 540 si
155 498 256 553 quis
283 497 542 552 proditione
570 498 821 539 exercitum
849 504 927 539 aut
954 498 1136 553 plebem
1164 498 1477 547 seditionibus,
1497 497 1695 551 denique

13 2637 19 2644 ι

0 2576 29 2701 Ξ

2 2704 23 2723 ³35

17 2757 28 2769 (ε

93 577 212 622 male
245 592 291 620 re
323 582 452 632 gesta
484 578 771 620 maiestatem
805 579 962 633 populi
997 579 1191 620 Romani
1227 577 1504 620 minuisset.”

154 658 362 714 Figurae,
394 671 511 713 quae
530 672 721 713 zeugma
739 659 916 707 dicitur,
936 658 1009 700 hic
1028 673 1110 700 nos
1127 660 1378 700 admonent
1395 658 1694 713 grammatici,

8 717 27 730 η’
93 752 242 794 neque
269 751 359 793 ego
388 752 505 793 nego
535 752 559 780 e
588 739 814 780 minuendi
840 739 980 780 verbo
1003 739 1124 780 aliud
1143 738 1320 780 extrahi
1339 752 1472 793 posse
1490 738 1693 788 verbum,

14 831 37 863 ζ
93 820 218 874 quod
249 819 403 874 aliquo
437 819 576 860 modo
615 819 920 873 „exercitum”
954 819 1185 860 obiectum
1214 819 1382 860 habere
1410 819 1566 874 possit.
1603 818 1693 861 Sed

14 907 60 919 ⁰
93 900 203 955 quid
236 901 498 942 accusativo
516 900 686 955 plebem
714 899 958 941 faciamus?
991 900 1125 942 Certe
1146 900 1319 954 plebem*
1344 900 1541 942 minuere
1568 898 1694 941 nihili

5 988 33 1032 '2
93 986 175 1031 est,
203 957 412 1035 quamvis
442 980 632 1022 verbum
660 980 770 1022 illud
801 981 845 1021 in
874 980 1011 1022 alium
1038 994 1235 1032 sensum,
1265 980 1341 1034 qui
1369 986 1523 1021 tamen
1541 979 1694 1034 aliquo

94 1058 234 1104 modo
258 1062 442 1103 innatae
459 1061 780 1116 significationi
799 1067 1019 1116 cognatus
1037 1062 1106 1111 sit,
1128 1062 1493 1115 detorqueamus.
1515 1061 1694 1102 Deinde

7 1137 14 1140 ”
92 1147 194 1195 tota
233 1141 321 1184 loci
364 1143 618 1184 enuntiatio
662 1143 885 1184 eiusmodi
929 1148 998 1184 est
1040 1148 1090 1183 ut
1114 1142 1240 1197 plebs
1272 1148 1318 1183 et
1349 1142 1570 1184 exercitus
1602 1155 1694 1183 non

94 1222 336 1264 videantur
368 1222 525 1278 populi
559 1223 756 1265 Romani
785 1228 961 1278 partes:
991 1224 1161 1264 etenim
1190 1236 1480 1276 quocumque
1507 1222 1695 1263 tandem

11 1311 31 1365 ’ᾗ
94 1303 234 1346 modo
262 1304 488 1346 minuendi
513 1303 703 1345 verbum
732 1303 957 1345 flectimus
985 1302 1309 1358 vertimusque,
1328 1303 1416 1344 hoc
1434 1307 1697 1357 spectantes

10 1407 33 1415 <
93 1388 143 1425 ut
170 1389 265 1425 tam
288 1373 409 1439 plebs
435 1389 481 1425 et
508 1385 729 1426 exercitus
756 1398 894 1438 quam
921 1383 1131 1426 maiestas
1158 1389 1280 1425 recte
1309 1384 1452 1425 minui
1474 1384 1696 1432 dicantur,

30 1475 32 1479 ’
94 1464 361 1506 adverbium
404 1465 586 1518 denique
627 1469 750 1506 certe
794 1478 884 1507 non
928 1470 1082 1519 potest
1124 1464 1254 1506 aliter
1284 1464 1429 1518 accipi
1462 1477 1599 1517 quam
1632 1464 1695 1504 sic

12 1542 30 1602 ’
75 1550 145 1586 ὐτ
173 1558 264 1586 non
290 1545 682 1599 comprehendendi
708 1544 995 1599 („kortom'’)‚
1025 1545 1104 1586 sed
1134 1545 1367 1586 claudendi
1389 1542 1695 1598 („eindelijk”)

99 1625 193 1667 vim
225 1624 406 1667 habeat.
443 1625 554 1666 Mihi
587 1625 687 1666 luce
721 1625 882 1666 clarius
915 1626 1095 1667 videtur
1124 1625 1168 1666 et
1195 1626 1436 1667 exercitum
1465 1624 1511 1665 et
1529 1624 1699 1679 plebem

98 1705 208 1747 olim
235 1698 369 1747 fuisse
397 1706 718 1747 annotationes
746 1705 955 1756 hominis,
985 1706 1061 1759 qui
1081 1719 1136 1747 ne
1156 1705 1481 1747 vocabulorum
1499 1706 1700 1759 quidem,

99 1799 216 1840 quae
260 1791 365 1827 sunt
400 1786 600 1840 proditio
637 1791 682 1827 et
714 1786 881 1836 seditio,
916 1787 1192 1827 sententiam
1225 1792 1434 1827 accurate
1468 1786 1699 1840 cognitam

98 1866 302 1916 haberet,
348 1866 434 1908 hoc
479 1866 645 1907 docere
688 1867 821 1907 unice
866 1867 1091 1907 studentis
1125 1867 1423 1921 proditionem
1458 1880 1552 1907 rem
1587 1879 1698 1916 esse,

96 1960 213 2001 quae
255 1947 313 1988 ad
358 1947 623 1996 exercitum,
667 1947 932 1996 seditionem,
977 1961 1094 2001 quae
1127 1947 1184 1988 ad
1218 1947 1401 2001 plebem
1437 1948 1699 2001 pertineret.

97 2027 297 2069 Reiectis
315 2040 339 2068 e
357 2032 487 2068 textu
506 2028 879 2069 annotationibus
894 2028 1118 2082 optimum
1132 2028 1506 2081 verissimumque
1525 2028 1699 2069 restitui

98 2112 279 2150 sensum
314 2107 360 2149 et
393 2107 480 2149 alia
513 2108 656 2149 multa
689 2108 859 2149 docent
892 2114 938 2149 et
971 2108 1016 2149 hi
1051 2107 1281 2149 Ciceronis
1307 2107 1418 2149 loci:
1449 2108 1504 2149 de
1534 2107 1611 2150 Or.
1641 2108 1698 2157 II,

108 2189 213 2241 1643
249 2189 367 2230 Part.
402 2188 479 2231 Or.
514 2189 665 2239 XXX,
707 2199 800 2242 105.

161 2268 220 2310 A.
265 2269 323 2319 ΙΙ,
371 2278 438 2322 52.
489 2268 617 2322 Quae
660 2268 733 2309 hic
768 2269 826 2310 de
859 2269 1046 2323 proelio,
1082 2282 1173 2322 quo
1207 2268 1470 2309 Tacfarinas
1502 2282 1529 2309 a
1562 2268 1701 2309 Furio

101 2348 293 2408 Camillo
336 2349 458 2391 fusus
502 2348 859 2404 profligatusque
903 2355 984 2398 est,
1031 2355 1268 2390 narrantur
1309 2363 1333 2389 e
1377 2363 1457 2389 sex
1489 2354 1702 2389 constant

100 2430 328 2485 partibus:
353 2484 360 2490 ·

166 2523 200 2552 1.
235 2510 449 2553 Camillus
482 2512 526 2552 in
562 2512 740 2552 hostem
776 2511 928 2552 duxit:
969 2511 1221 2564 „modicam
1256 2524 1454 2560 manum,
1488 2510 1523 2551 si
1553 2509 1701 2552 multi-

97 2591 305 2632 tudinem
340 2591 641 2632 Numidarum
674 2597 812 2646 atque
847 2592 1109 2633 Maurorum
1141 2590 1416 2645 spectares.'’

161 2681 200 2711 2.
254 2669 371 2724 „Sed
420 2671 531 2712 nihil
578 2685 723 2725 aeque
772 2671 1032 2720 cavebatur,
1083 2684 1219 2725 quam
1263 2684 1319 2712 ne
1363 2670 1531 2712 bellum
1576 2676 1700 2712 metu

102 2750 382 2793 eluderent.’³
420 2805 422 2807 -

166 2843 204 2884 3.
229 2830 359 2885 '„Spe
391 2832 609 2873 victoriae
644 2832 816 2873 inducti
850 2837 955 2873 sunt
988 2837 1037 2872 ut
1070 2831 1403 2873 vincerentur.’'

162 2922 205 2963 4.
258 2911 427 2965 „Igitur
468 2911 588 2966 legio
633 2912 799 2962 medio,
842 2911 966 2953 leves
1010 2911 1222 2953 cohortes
1265 2913 1472 2966 duaeque
1515 2911 1612 2953 alae
1655 2913 1700 2953 in

5 2983 42 3026 ’Τ
105 2990 317 3032 cornibus
348 2990 599 3032 locantur.'’

3 3056 14 3070 .
