<?xml version="1.0" encoding="UTF-8"?>
<!DOCTYPE html PUBLIC "-//W3C//DTD XHTML 1.0 Transitional//EN"
    "http://www.w3.org/TR/xhtml1/DTD/xhtml1-transitional.dtd">
<html xmlns="http://www.w3.org/1999/xhtml" xml:lang="en" lang="en">
 <head>
  <title>
</title>
<meta http-equiv="Content-Type" content="text/html;charset=utf-8" />
  <meta name='ocr-system' content='tesseract 3.04.00' />
  <meta name='ocr-capabilities' content='ocr_page ocr_carea ocr_par ocr_line ocrx_word'/>
</head>
<body>
  <div class='ocr_page' id='page_1' title='image "analectatacitea00hartuoft_0196.png"; bbox 0 0 2040 3412; ppageno 0'>
   <div class='ocr_carea' id='block_1_1' title="bbox 1124 275 1202 315">
    <p class='ocr_par' dir='ltr' id='par_1_1' title="bbox 1124 275 1202 315">
     <span class='ocr_line' id='line_1_1' title="bbox 1124 275 1202 315; baseline 0.013 -1"><span class='ocrx_word' id='word_1_1' title='bbox 1124 275 1202 315; x_wconf 91' lang='lat'><strong>188</strong></span> 
     </span>
    </p>
   </div>
   <div class='ocr_carea' id='block_1_2' title="bbox 423 394 1957 449">
    <p class='ocr_par' dir='ltr' id='par_1_2' title="bbox 423 394 2035 449">
     <span class='ocr_line' id='line_1_2' title="bbox 423 394 1957 449; baseline 0.001 -14"><span class='ocrx_word' id='word_1_2' title='bbox 423 396 480 449; x_wconf 90' lang='lat' dir='ltr'><strong>(v.</strong></span> <span class='ocrx_word' id='word_1_3' title='bbox 513 394 651 436; x_wconf 87' lang='lat' dir='ltr'>libelli</span> <span class='ocrx_word' id='word_1_4' title='bbox 682 394 806 435; x_wconf 87' lang='lat' dir='ltr'><strong>citati</strong></span> <span class='ocrx_word' id='word_1_5' title='bbox 835 409 877 448; x_wconf 92' lang='lat' dir='ltr'><strong>p.</strong></span> <span class='ocrx_word' id='word_1_6' title='bbox 911 398 963 448; x_wconf 87' lang='lat'><strong>3).</strong></span> <span class='ocrx_word' id='word_1_7' title='bbox 1006 395 1137 436; x_wconf 93' lang='lat' dir='ltr'><strong>Nunc</strong></span> <span class='ocrx_word' id='word_1_8' title='bbox 1166 394 1252 436; x_wconf 88' lang='lat' dir='ltr'><strong>alia</strong></span> <span class='ocrx_word' id='word_1_9' title='bbox 1280 408 1369 436; x_wconf 89' lang='lat' dir='ltr'><strong>non</strong></span> <span class='ocrx_word' id='word_1_10' title='bbox 1400 395 1545 435; x_wconf 90' lang='lat' dir='ltr'><strong>minus</strong></span> <span class='ocrx_word' id='word_1_11' title='bbox 1573 395 1763 449; x_wconf 90' lang='lat' dir='ltr'><strong>insignia</strong></span> <span class='ocrx_word' id='word_1_12' title='bbox 1790 395 1957 438; x_wconf 85' lang='lat' dir='ltr'>addam</span> 
     </span>
    </p>
   </div>
   <div class='ocr_carea' id='block_1_3' title="bbox 362 474 585 528">
    <p class='ocr_par' dir='ltr' id='par_1_3' title="bbox 362 474 585 528">
     <span class='ocr_line' id='line_1_3' title="bbox 362 474 585 528; baseline 0 -13"><span class='ocrx_word' id='word_1_13' title='bbox 362 474 585 528; x_wconf 86' lang='lat' dir='ltr'><strong>exempla.</strong></span> 
     </span>
    </p>
   </div>
   <div class='ocr_carea' id='block_1_4' title="bbox 1960 0 2040 527">
    <p class='ocr_par' dir='ltr' id='par_1_4' title="bbox 1960 0 2040 527">
     <span class='ocr_line' id='line_1_4' title="bbox 1960 0 2040 527; baseline 0 2885"><span class='ocrx_word' id='word_1_14' title='bbox 1960 0 2040 527; x_wconf 95' lang='lat' dir='ltr'><strong> </strong></span> 
     </span>
    </p>
   </div>
   <div class='ocr_carea' id='block_1_5' title="bbox 423 554 1960 609">
    <p class='ocr_par' dir='ltr' id='par_1_5' title="bbox 423 554 2020 609">
     <span class='ocr_line' id='line_1_5' title="bbox 423 554 1960 609; baseline 0 -13"><span class='ocrx_word' id='word_1_15' title='bbox 423 556 473 596; x_wconf 91' lang='lat' dir='ltr'><strong>In</strong></span> <span class='ocrx_word' id='word_1_16' title='bbox 519 555 715 596; x_wconf 79' lang='lat' dir='ltr'><strong>Mediceo</strong></span> <span class='ocrx_word' id='word_1_17' title='bbox 757 568 864 609; x_wconf 90' lang='lat' dir='ltr'><strong>ergo</strong></span> <span class='ocrx_word' id='word_1_18' title='bbox 903 556 1058 609; x_wconf 74' lang='lat' dir='ltr'><strong>priore</strong></span> <span class='ocrx_word' id='word_1_19' title='bbox 1090 554 1147 595; x_wconf 90' lang='lat' dir='ltr'><strong>A.</strong></span> <span class='ocrx_word' id='word_1_20' title='bbox 1184 555 1241 604; x_wconf 91' lang='lat' dir='ltr'><strong>V,</strong></span> <span class='ocrx_word' id='word_1_21' title='bbox 1275 568 1303 609; x_wconf 87' lang='lat'>9</span> <span class='ocrx_word' id='word_1_22' title='bbox 1335 554 1422 595; x_wconf 93' lang='lat' dir='ltr'><strong>hoc</strong></span> <span class='ocrx_word' id='word_1_23' title='bbox 1455 554 1699 596; x_wconf 86' lang='lat' dir='ltr'><strong>habemus:</strong></span> <span class='ocrx_word' id='word_1_24' title='bbox 1736 554 1810 608; x_wconf 89' lang='lat' dir='ltr'><strong>(ad</strong></span> <span class='ocrx_word' id='word_1_25' title='bbox 1844 567 1960 597; x_wconf 88' lang='lat' dir='ltr'><strong>mor·</strong></span> 
     </span>
    </p>
   </div>
   <div class='ocr_carea' id='block_1_6' title="bbox 364 634 1413 689">
    <p class='ocr_par' dir='ltr' id='par_1_6' title="bbox 364 634 1413 689">
     <span class='ocr_line' id='line_1_6' title="bbox 364 634 1413 689; baseline 0 -14"><span class='ocrx_word' id='word_1_26' title='bbox 364 641 457 676; x_wconf 93' lang='lat' dir='ltr'><strong>tem</strong></span> <span class='ocrx_word' id='word_1_27' title='bbox 492 634 711 689; x_wconf 82' lang='lat' dir='ltr'>agebatur</span> <span class='ocrx_word' id='word_1_28' title='bbox 744 634 894 676; x_wconf 82' lang='lat' dir='ltr'><strong>Seiani</strong></span> <span class='ocrx_word' id='word_1_29' title='bbox 929 634 1065 676; x_wconf 90' lang='lat' dir='ltr'><strong>filiola</strong></span> <span class='ocrx_word' id='word_1_30' title='bbox 1097 635 1213 675; x_wconf 89' lang='lat' dir='ltr'><strong>adeo</strong></span> <span class='ocrx_word' id='word_1_31' title='bbox 1248 635 1413 688; x_wconf 90' lang='lat' dir='ltr'><strong>nescia)</strong></span> 
     </span>
    </p>
   </div>
   <div class='ocr_carea' id='block_1_7' title="bbox 429 713 2006 769">
    <p class='ocr_par' dir='ltr' id='par_1_7' title="bbox 429 713 2006 769">
     <span class='ocr_line' id='line_1_7' title="bbox 429 713 2006 769; baseline 0.001 -14"><span class='ocrx_word' id='word_1_32' title='bbox 429 720 503 767; x_wconf 87' lang='lat' dir='ltr'><strong>„ut</strong></span> <span class='ocrx_word' id='word_1_33' title='bbox 527 714 687 755; x_wconf 90' lang='lat' dir='ltr'><strong>crebro</strong></span> <span class='ocrx_word' id='word_1_34' title='bbox 715 715 1026 769; x_wconf 91' lang='lat' dir='ltr'><strong>interrogaret,</strong></span> <span class='ocrx_word' id='word_1_35' title='bbox 1053 715 1175 769; x_wconf 93' lang='lat' dir='ltr'><strong>quod</strong></span> <span class='ocrx_word' id='word_1_36' title='bbox 1202 714 1261 755; x_wconf 94' lang='lat' dir='ltr'><strong>ob</strong></span> <span class='ocrx_word' id='word_1_37' title='bbox 1287 714 1502 755; x_wconf 90' lang='lat' dir='ltr'><strong>delictum</strong></span> <span class='ocrx_word' id='word_1_38' title='bbox 1521 719 1567 755; x_wconf 90' lang='lat' dir='ltr'><strong>et</strong></span> <span class='ocrx_word' id='word_1_39' title='bbox 1586 727 1676 768; x_wconf 92' lang='lat' dir='ltr'><strong>quo</strong></span> <span class='ocrx_word' id='word_1_40' title='bbox 1694 713 1960 765; x_wconf 84' lang='lat' dir='ltr'><strong>traheretur,</strong></span> <span class='ocrx_word' id='word_1_41' title='bbox 2003 748 2006 752; x_wconf 84' lang='lat'>.</span> 
     </span>
    </p>
   </div>
   <div class='ocr_carea' id='block_1_8' title="bbox 361 793 1960 1009">
    <p class='ocr_par' dir='ltr' id='par_1_8' title="bbox 361 793 1960 1009">
     <span class='ocr_line' id='line_1_8' title="bbox 369 793 1960 849; baseline 0 -13"><span class='ocrx_word' id='word_1_42' title='bbox 369 808 517 848; x_wconf 89' lang='lat' dir='ltr'><strong>neque</strong></span> <span class='ocrx_word' id='word_1_43' title='bbox 546 794 766 835; x_wconf 89' lang='lat' dir='ltr'><strong>facturam</strong></span> <span class='ocrx_word' id='word_1_44' title='bbox 796 794 910 836; x_wconf 89' lang='lat' dir='ltr'><strong>ultra</strong></span> <span class='ocrx_word' id='word_1_45' title='bbox 938 800 982 835; x_wconf 90' lang='lat' dir='ltr'><strong>et</strong></span> <span class='ocrx_word' id='word_1_46' title='bbox 1012 808 1143 849; x_wconf 90' lang='lat' dir='ltr'><strong>posse</strong></span> <span class='ocrx_word' id='word_1_47' title='bbox 1170 808 1217 835; x_wconf 92' lang='lat' dir='ltr'><strong>se</strong></span> <span class='ocrx_word' id='word_1_48' title='bbox 1238 794 1478 848; x_wconf 79' lang='lat' dir='ltr'><strong>puerilz&#39;mo</strong></span> <span class='ocrx_word' id='word_1_49' title='bbox 1506 794 1694 835; x_wconf 84' lang='lat' dir='ltr'><strong>verbere</strong></span> <span class='ocrx_word' id='word_1_50' title='bbox 1722 793 1960 836; x_wconf 82' lang='lat' dir='ltr'><strong>mouerit.”</strong></span> 
     </span>
     <span class='ocr_line' id='line_1_9' title="bbox 425 873 1959 928; baseline 0.001 -13"><span class='ocrx_word' id='word_1_51' title='bbox 425 875 586 915; x_wconf 82' lang='lat' dir='ltr'><strong>Errare</strong></span> <span class='ocrx_word' id='word_1_52' title='bbox 628 875 839 923; x_wconf 86' lang='lat' dir='ltr'><strong>editores,</strong></span> <span class='ocrx_word' id='word_1_53' title='bbox 885 874 961 927; x_wconf 94' lang='lat' dir='ltr'><strong>qui</strong></span> <span class='ocrx_word' id='word_1_54' title='bbox 1002 874 1178 928; x_wconf 83' lang='lat' dir='ltr'>syllaba</span> <span class='ocrx_word' id='word_1_55' title='bbox 1210 888 1278 915; x_wconf 86' lang='lat' dir='ltr'><strong>mo</strong></span> <span class='ocrx_word' id='word_1_56' title='bbox 1312 873 1506 915; x_wconf 89' lang='lat' dir='ltr'><strong>delenda</strong></span> <span class='ocrx_word' id='word_1_57' title='bbox 1538 874 1582 915; x_wconf 93' lang='lat' dir='ltr'><strong>in</strong></span> <span class='ocrx_word' id='word_1_58' title='bbox 1615 874 1841 928; x_wconf 89' lang='lat' dir='ltr'><strong>integrum</strong></span> <span class='ocrx_word' id='word_1_59' title='bbox 1873 874 1959 916; x_wconf 89' lang='lat' dir='ltr'>sibi</span> 
     </span>
     <span class='ocr_line' id='line_1_10' title="bbox 361 942 1958 1009; baseline 0.002 -15"><span class='ocrx_word' id='word_1_60' title='bbox 361 953 511 994; x_wconf 90' lang='lat' dir='ltr'><strong>locum</strong></span> <span class='ocrx_word' id='word_1_61' title='bbox 540 954 776 996; x_wconf 87' lang='lat' dir='ltr'><strong>restituere</strong></span> <span class='ocrx_word' id='word_1_62' title='bbox 806 955 1058 1003; x_wconf 89' lang='lat' dir='ltr'><strong>videantur,</strong></span> <span class='ocrx_word' id='word_1_63' title='bbox 1089 954 1133 995; x_wconf 92' lang='lat' dir='ltr'><strong>in</strong></span> <span class='ocrx_word' id='word_1_64' title='bbox 1161 946 1230 995; x_wconf 76' lang='lat' dir='ltr'><strong>mo</strong></span> <span class='ocrx_word' id='word_1_65' title='bbox 1258 954 1378 995; x_wconf 90' lang='lat' dir='ltr'><strong>enim</strong></span> <span class='ocrx_word' id='word_1_66' title='bbox 1406 953 1546 994; x_wconf 89' lang='lat' dir='ltr'><strong>latere</strong></span> <span class='ocrx_word' id='word_1_67' title='bbox 1575 954 1699 995; x_wconf 86' lang='lat' dir='ltr'><strong>modo</strong></span> <span class='ocrx_word' id='word_1_68' title='bbox 1722 942 1815 1008; x_wconf 66' lang='grc' dir='ltr'><strong>(ὦ),</strong></span> <span class='ocrx_word' id='word_1_69' title='bbox 1833 954 1958 1009; x_wconf 91' lang='lat' dir='ltr'><strong>quod</strong></span> 
     </span>
    </p>
   </div>
   <div class='ocr_carea' id='block_1_9' title="bbox 361 1032 1957 1090">
    <p class='ocr_par' dir='ltr' id='par_1_9' title="bbox 361 1032 1957 1090">
     <span class='ocr_line' id='line_1_11' title="bbox 361 1032 1957 1090; baseline 0.001 -16"><span class='ocrx_word' id='word_1_70' title='bbox 361 1034 469 1075; x_wconf 91' lang='lat' dir='ltr'><strong>olim</strong></span> <span class='ocrx_word' id='word_1_71' title='bbox 497 1034 721 1076; x_wconf 90' lang='lat' dir='ltr'><strong>vocabulo</strong></span> <span class='ocrx_word' id='word_1_72' title='bbox 749 1035 929 1076; x_wconf 76' lang='lat' dir='ltr'><strong>verbere</strong></span> <span class='ocrx_word' id='word_1_73' title='bbox 954 1034 1087 1075; x_wconf 90' lang='lat' dir='ltr'><strong>fuerit</strong></span> <span class='ocrx_word' id='word_1_74' title='bbox 1114 1034 1397 1083; x_wconf 90' lang='lat' dir='ltr'><strong>illustratum,</strong></span> <span class='ocrx_word' id='word_1_75' title='bbox 1427 1039 1561 1075; x_wconf 90' lang='lat' dir='ltr'><strong>antea</strong></span> <span class='ocrx_word' id='word_1_76' title='bbox 1588 1032 1957 1090; x_wconf 79' lang='lat' dir='ltr'><strong>demonstravi&#39;1).</strong></span> 
     </span>
    </p>
   </div>
   <div class='ocr_carea' id='block_1_10' title="bbox 300 1114 1959 1236">
    <p class='ocr_par' dir='ltr' id='par_1_10' title="bbox 300 1114 1959 1236">
     <span class='ocr_line' id='line_1_12' title="bbox 300 1114 1958 1171; baseline 0.001 -16"><span class='ocrx_word' id='word_1_77' title='bbox 300 1167 305 1171; x_wconf 89' lang='lat'>.</span> <span class='ocrx_word' id='word_1_78' title='bbox 364 1114 598 1163; x_wconf 85' lang='lat' dir='ltr'><strong>Habemus</strong></span> <span class='ocrx_word' id='word_1_79' title='bbox 646 1128 754 1168; x_wconf 89' lang='lat' dir='ltr'><strong>ergo</strong></span> <span class='ocrx_word' id='word_1_80' title='bbox 803 1114 874 1156; x_wconf 91' lang='lat' dir='ltr'><strong>hic</strong></span> <span class='ocrx_word' id='word_1_81' title='bbox 922 1114 1203 1157; x_wconf 82' lang='lat' dir='ltr'><strong>aberrantem</strong></span> <span class='ocrx_word' id='word_1_82' title='bbox 1253 1114 1390 1155; x_wconf 82' lang='lat' dir='ltr'><strong>etiam</strong></span> <span class='ocrx_word' id='word_1_83' title='bbox 1439 1114 1797 1164; x_wconf 84' lang='lat' dir='ltr'><strong>annotationem,</strong></span> <span class='ocrx_word' id='word_1_84' title='bbox 1840 1122 1958 1168; x_wconf 81' lang='lat' dir='ltr'><strong>quae</strong></span> 
     </span>
     <span class='ocr_line' id='line_1_13' title="bbox 364 1193 1959 1236; baseline 0.001 -1"><span class='ocrx_word' id='word_1_85' title='bbox 364 1195 567 1236; x_wconf 91' lang='lat' dir='ltr'><strong>nondum</strong></span> <span class='ocrx_word' id='word_1_86' title='bbox 600 1200 770 1236; x_wconf 88' lang='lat' dir='ltr'><strong>certam</strong></span> <span class='ocrx_word' id='word_1_87' title='bbox 805 1195 849 1236; x_wconf 91' lang='lat' dir='ltr'><strong>in</strong></span> <span class='ocrx_word' id='word_1_88' title='bbox 882 1200 1011 1236; x_wconf 87' lang='lat' dir='ltr'><strong>textu</strong></span> <span class='ocrx_word' id='word_1_89' title='bbox 1045 1196 1201 1236; x_wconf 87' lang='lat' dir='ltr'><strong>sedem</strong></span> <span class='ocrx_word' id='word_1_90' title='bbox 1228 1194 1466 1236; x_wconf 89' lang='lat' dir='ltr'><strong>invenerit.</strong></span> <span class='ocrx_word' id='word_1_91' title='bbox 1496 1193 1541 1236; x_wconf 86' lang='lat' dir='ltr'><strong>Si</strong></span> <span class='ocrx_word' id='word_1_92' title='bbox 1571 1207 1661 1235; x_wconf 91' lang='lat' dir='ltr'><strong>non</strong></span> <span class='ocrx_word' id='word_1_93' title='bbox 1689 1193 1748 1235; x_wconf 91' lang='lat' dir='ltr'><strong>ab</strong></span> <span class='ocrx_word' id='word_1_94' title='bbox 1775 1194 1959 1236; x_wconf 87' lang='lat' dir='ltr'><strong>homine</strong></span> 
     </span>
    </p>
   </div>
   <div class='ocr_carea' id='block_1_11' title="bbox 1960 527 2040 753">
    <p class='ocr_par' dir='ltr' id='par_1_11' title="bbox 1960 527 2040 753">
     <span class='ocr_line' id='line_1_14' title="bbox 1960 527 2040 685; baseline 0 0"><span class='ocrx_word' id='word_1_95' title='bbox 1960 527 2040 685; x_wconf 95' lang='lat' dir='ltr'><strong>  </strong></span> 
     </span>
     <span class='ocr_line' id='line_1_15' title="bbox 1960 685 2040 753; baseline 0 2659"><span class='ocrx_word' id='word_1_96' title='bbox 1960 685 2040 753; x_wconf 95' lang='lat' dir='ltr'><strong> </strong></span> 
     </span>
    </p>
   </div>
   <div class='ocr_carea' id='block_1_12' title="bbox 1952 5 2040 1263">
    <p class='ocr_par' dir='ltr' id='par_1_12' title="bbox 1948 6 1982 316">
     <span class='ocr_line' id='line_1_16' title="bbox 1952 6 1982 316; textangle 90"><span class='ocrx_word' id='word_1_97' title='bbox 1972 287 1979 316; x_wconf 38' lang='lat' dir='ltr'><strong>„N</strong></span> <span class='ocrx_word' id='word_1_98' title='bbox 1964 178 1982 190; x_wconf 53' lang='grc'><strong>1,</strong></span> <span class='ocrx_word' id='word_1_99' title='bbox 1968 139 1975 143; x_wconf 66' lang='grc' dir='ltr'><em>ι</em></span> <span class='ocrx_word' id='word_1_100' title='bbox 1952 53 1981 88; x_wconf 42' lang='lat' dir='ltr'><strong>&gt;ff</strong></span> <span class='ocrx_word' id='word_1_101' title='bbox 1953 6 1977 38; x_wconf 58' lang='lat'>.³·*⁴</span> 
     </span>
    </p>

    <p class='ocr_par' dir='ltr' id='par_1_13' title="bbox 1980 5 1997 300">
     <span class='ocr_line' id='line_1_17' title="bbox 1980 5 1997 300; textangle 90"><span class='ocrx_word' id='word_1_102' title='bbox 1980 294 1991 300; x_wconf 50' lang='grc' dir='ltr'>ἶ</span> <span class='ocrx_word' id='word_1_103' title='bbox 1980 173 1995 195; x_wconf 55' lang='lat'><strong>*²2</strong></span> <span class='ocrx_word' id='word_1_104' title='bbox 1987 153 1994 160; x_wconf 31' lang='grc' dir='ltr'><strong>Α,</strong></span> <span class='ocrx_word' id='word_1_105' title='bbox 1989 66 1997 74; x_wconf 83' lang='lat'><strong>.-</strong></span> <span class='ocrx_word' id='word_1_106' title='bbox 1982 48 1993 56; x_wconf 80' lang='grc' dir='ltr'><strong>·ι</strong></span> <span class='ocrx_word' id='word_1_107' title='bbox 1994 32 1996 34; x_wconf 58' lang='grc'><strong>,</strong></span> <span class='ocrx_word' id='word_1_108' title='bbox 1989 5 1991 8; x_wconf 38' lang='lat' dir='ltr'><strong>r</strong></span> 
     </span>
    </p>

    <p class='ocr_par' dir='ltr' id='par_1_14' title="bbox 1995 9 2040 1263">
     <span class='ocr_line' id='line_1_18' title="bbox 1995 74 2014 1263; textangle 90"><span class='ocrx_word' id='word_1_109' title='bbox 1995 1252 2003 1263; x_wconf 52' lang='lat'><em>⁸</em></span> <span class='ocrx_word' id='word_1_110' title='bbox 2008 1101 2010 1104; x_wconf 39' lang='lat'><strong>⁴</strong></span> <span class='ocrx_word' id='word_1_111' title='bbox 2004 1055 2012 1066; x_wconf 50' lang='lat'><strong>2</strong></span> <span class='ocrx_word' id='word_1_112' title='bbox 2009 874 2014 880; x_wconf 70' lang='grc'>,</span> <span class='ocrx_word' id='word_1_113' title='bbox 2007 780 2010 783; x_wconf 93' lang='grc'>.</span> <span class='ocrx_word' id='word_1_114' title='bbox 2002 654 2014 678; x_wconf 25' lang='grc' dir='ltr'><strong>’,ΛΑ</strong></span> <span class='ocrx_word' id='word_1_115' title='bbox 2008 591 2014 595; x_wconf 64' lang='grc'>,,</span> <span class='ocrx_word' id='word_1_116' title='bbox 1995 503 2013 532; x_wconf 32' lang='grc' dir='ltr'><strong>*ἃ</strong></span> <span class='ocrx_word' id='word_1_117' title='bbox 1998 445 2011 469; x_wconf 62' lang='lat' dir='ltr'><strong>Ts„</strong></span> <span class='ocrx_word' id='word_1_118' title='bbox 2005 327 2006 330; x_wconf 62' lang='lat'><em>„</em></span> <span class='ocrx_word' id='word_1_119' title='bbox 1995 241 2012 294; x_wconf 43' lang='lat' dir='ltr'><strong>‘’A“</strong></span> <span class='ocrx_word' id='word_1_120' title='bbox 1996 148 2004 180; x_wconf 83' lang='grc'><strong>’</strong></span> <span class='ocrx_word' id='word_1_121' title='bbox 1997 74 2001 75; x_wconf 63' lang='grc'>’</span> 
     </span>
     <span class='ocr_line' id='line_1_19' title="bbox 2006 169 2040 1242; textangle 90"><span class='ocrx_word' id='word_1_122' title='bbox 2011 1190 2040 1242; x_wconf 22' lang='lat' dir='ltr'><strong>{fix</strong></span> <span class='ocrx_word' id='word_1_123' title='bbox 2013 1009 2040 1126; x_wconf 29' lang='grc' dir='ltr'><strong>μιῂζιψώ)</strong></span> <span class='ocrx_word' id='word_1_124' title='bbox 2014 983 2015 986; x_wconf 30' lang='grc' dir='ltr'><em>Α</em></span> <span class='ocrx_word' id='word_1_125' title='bbox 2020 963 2022 965; x_wconf 28' lang='lat' dir='ltr'>v</span> <span class='ocrx_word' id='word_1_126' title='bbox 2016 939 2019 942; x_wconf 95' lang='grc'>,</span> <span class='ocrx_word' id='word_1_127' title='bbox 2023 895 2034 902; x_wconf 27' lang='grc' dir='ltr'><em>Ἀ</em></span> <span class='ocrx_word' id='word_1_128' title='bbox 2019 851 2032 881; x_wconf 59' lang='lat'><strong>¹»-</strong></span> <span class='ocrx_word' id='word_1_129' title='bbox 2015 743 2040 831; x_wconf 35' lang='lat' dir='ltr'><strong>¹5fl÷32</strong></span> <span class='ocrx_word' id='word_1_130' title='bbox 2014 683 2039 719; x_wconf 50' lang='grc' dir='ltr'><strong>οτᾸ,</strong></span> <span class='ocrx_word' id='word_1_131' title='bbox 2026 655 2031 663; x_wconf 66' lang='lat'><em>,</em></span> <span class='ocrx_word' id='word_1_132' title='bbox 2029 636 2036 642; x_wconf 55' lang='grc' dir='ltr'>Ἰ</span> <span class='ocrx_word' id='word_1_133' title='bbox 2011 485 2036 558; x_wconf 34' lang='grc' dir='ltr'><strong>ἲέἴη-</strong></span> <span class='ocrx_word' id='word_1_134' title='bbox 2006 436 2034 470; x_wconf 31' lang='grc' dir='ltr'><strong>.γῇᾀέ</strong></span> <span class='ocrx_word' id='word_1_135' title='bbox 2011 363 2022 397; x_wconf 42' lang='grc'><strong>,9,</strong></span> <span class='ocrx_word' id='word_1_136' title='bbox 2009 235 2022 262; x_wconf 49' lang='grc' dir='ltr'><strong>μ,</strong></span> <span class='ocrx_word' id='word_1_137' title='bbox 2035 219 2037 222; x_wconf 25' lang='grc' dir='ltr'><strong>Δ</strong></span> <span class='ocrx_word' id='word_1_138' title='bbox 2014 186 2017 189; x_wconf 70' lang='grc'>,</span> <span class='ocrx_word' id='word_1_139' title='bbox 2015 169 2016 172; x_wconf 29' lang='grc' dir='ltr'><em>Α</em></span> 
     </span>
    </p>
   </div>
   <div class='ocr_carea' id='block_1_13' title="bbox 363 1273 2028 1336">
    <p class='ocr_par' dir='ltr' id='par_1_15' title="bbox 363 1273 2028 1336">
     <span class='ocr_line' id='line_1_20' title="bbox 363 1273 2028 1336; baseline -0.001 -20"><span class='ocrx_word' id='word_1_140' title='bbox 363 1275 475 1324; x_wconf 94' lang='lat' dir='ltr'><strong>rudi,</strong></span> <span class='ocrx_word' id='word_1_141' title='bbox 521 1276 600 1316; x_wconf 93' lang='lat' dir='ltr'><strong>sed</strong></span> <span class='ocrx_word' id='word_1_142' title='bbox 645 1289 670 1316; x_wconf 89' lang='lat' dir='ltr'><strong>a</strong></span> <span class='ocrx_word' id='word_1_143' title='bbox 712 1275 893 1316; x_wconf 91' lang='lat' dir='ltr'><strong>librario</strong></span> <span class='ocrx_word' id='word_1_144' title='bbox 936 1275 1203 1324; x_wconf 91' lang='lat' dir='ltr'><strong>semidocto,</strong></span> <span class='ocrx_word' id='word_1_145' title='bbox 1247 1275 1361 1316; x_wconf 90' lang='lat' dir='ltr'><strong>liber</strong></span> <span class='ocrx_word' id='word_1_146' title='bbox 1399 1274 1471 1315; x_wconf 90' lang='lat' dir='ltr'><strong>hic</strong></span> <span class='ocrx_word' id='word_1_147' title='bbox 1505 1274 1758 1328; x_wconf 90' lang='lat' dir='ltr'><strong>descriptus</strong></span> <span class='ocrx_word' id='word_1_148' title='bbox 1789 1273 1958 1325; x_wconf 76' lang='lat' dir='ltr'><strong>fuisset,</strong></span> <span class='ocrx_word' id='word_1_149' title='bbox 1992 1287 2028 1336; x_wconf 15' lang='grc' dir='ltr'><strong>,ἐξ</strong></span> 
     </span>
    </p>
   </div>
   <div class='ocr_carea' id='block_1_14' title="bbox 363 1346 2022 1414">
    <p class='ocr_par' dir='ltr' id='par_1_16' title="bbox 363 1346 2033 1423">
     <span class='ocr_line' id='line_1_21' title="bbox 363 1346 2022 1414; baseline -0.001 -17"><span class='ocrx_word' id='word_1_150' title='bbox 363 1370 466 1414; x_wconf 82' lang='lat' dir='ltr'><strong>curn</strong></span> <span class='ocrx_word' id='word_1_151' title='bbox 498 1356 627 1397; x_wconf 87' lang='lat' dir='ltr'><strong>litera</strong></span> <span class='ocrx_word' id='word_1_152' title='bbox 661 1364 690 1405; x_wconf 85' lang='lat' dir='ltr'><strong>t,</strong></span> <span class='ocrx_word' id='word_1_153' title='bbox 720 1370 850 1410; x_wconf 88' lang='lat' dir='ltr'><strong>quae,</strong></span> <span class='ocrx_word' id='word_1_154' title='bbox 879 1370 902 1397; x_wconf 92' lang='lat' dir='ltr'><strong>e</strong></span> <span class='ocrx_word' id='word_1_155' title='bbox 932 1355 1241 1410; x_wconf 89' lang='lat' dir='ltr'><strong>dittographia</strong></span> <span class='ocrx_word' id='word_1_156' title='bbox 1270 1361 1388 1404; x_wconf 88' lang='lat' dir='ltr'><strong>nata,</strong></span> <span class='ocrx_word' id='word_1_157' title='bbox 1421 1368 1539 1396; x_wconf 90' lang='lat' dir='ltr'><strong>nunc</strong></span> <span class='ocrx_word' id='word_1_158' title='bbox 1567 1355 1705 1396; x_wconf 91' lang='lat' dir='ltr'><strong>etiam</strong></span> <span class='ocrx_word' id='word_1_159' title='bbox 1736 1353 1961 1396; x_wconf 84' lang='lat' dir='ltr'><strong>vocabulo</strong></span> <span class='ocrx_word' id='word_1_160' title='bbox 2011 1346 2022 1370; x_wconf 60' lang='lat'><em>³</em></span> 
     </span>
    </p>
   </div>
   <div class='ocr_carea' id='block_1_15' title="bbox 368 1434 1960 1490">
    <p class='ocr_par' dir='ltr' id='par_1_17' title="bbox 368 1424 2038 1490">
     <span class='ocr_line' id='line_1_22' title="bbox 368 1434 1960 1490; baseline -0.001 -13"><span class='ocrx_word' id='word_1_161' title='bbox 368 1436 538 1477; x_wconf 79' lang='lat' dir='ltr'><strong>moneri</strong></span> <span class='ocrx_word' id='word_1_162' title='bbox 578 1435 810 1485; x_wconf 85' lang='lat' dir='ltr'><strong>adhaeret,</strong></span> <span class='ocrx_word' id='word_1_163' title='bbox 854 1436 991 1477; x_wconf 89' lang='lat' dir='ltr'><strong>etiam</strong></span> <span class='ocrx_word' id='word_1_164' title='bbox 1034 1435 1210 1490; x_wconf 86' lang='lat' dir='ltr'><strong>syllaba</strong></span> <span class='ocrx_word' id='word_1_165' title='bbox 1234 1450 1321 1490; x_wconf 36' lang='lat' dir='ltr'><strong>&#39;mo</strong></span> <span class='ocrx_word' id='word_1_166' title='bbox 1365 1435 1520 1476; x_wconf 90' lang='lat' dir='ltr'><strong>fuisset</strong></span> <span class='ocrx_word' id='word_1_167' title='bbox 1564 1434 1741 1484; x_wconf 88' lang='lat' dir='ltr'><strong>omissa,</strong></span> <span class='ocrx_word' id='word_1_168' title='bbox 1786 1446 1960 1489; x_wconf 88' lang='lat' dir='ltr'><strong>nosque</strong></span> 
     </span>
    </p>
   </div>
   <div class='ocr_carea' id='block_1_16' title="bbox 364 1516 1311 1557">
    <p class='ocr_par' dir='ltr' id='par_1_18' title="bbox 364 1516 1311 1557">
     <span class='ocr_line' id='line_1_23' title="bbox 364 1516 1311 1557; baseline -0.001 0"><span class='ocrx_word' id='word_1_169' title='bbox 364 1522 490 1557; x_wconf 89' lang='lat' dir='ltr'><strong>certo</strong></span> <span class='ocrx_word' id='word_1_170' title='bbox 525 1516 810 1557; x_wconf 87' lang='lat' dir='ltr'><strong>emblematis</strong></span> <span class='ocrx_word' id='word_1_171' title='bbox 843 1529 1097 1557; x_wconf 87' lang='lat' dir='ltr'><strong>careremus</strong></span> <span class='ocrx_word' id='word_1_172' title='bbox 1129 1516 1311 1556; x_wconf 90' lang='lat' dir='ltr'><strong>indicio.</strong></span> 
     </span>
    </p>
   </div>
   <div class='ocr_carea' id='block_1_17' title="bbox 362 1594 2038 1812">
    <p class='ocr_par' dir='ltr' id='par_1_19' title="bbox 362 1582 2039 1812">
     <span class='ocr_line' id='line_1_24' title="bbox 422 1594 1957 1650; baseline -0.001 -13"><span class='ocrx_word' id='word_1_173' title='bbox 422 1596 479 1637; x_wconf 90' lang='lat' dir='ltr'><strong>A.</strong></span> <span class='ocrx_word' id='word_1_174' title='bbox 511 1596 591 1646; x_wconf 91' lang='lat' dir='ltr'><strong>III,</strong></span> <span class='ocrx_word' id='word_1_175' title='bbox 629 1607 691 1637; x_wconf 86' lang='lat'><strong>12.</strong></span> <span class='ocrx_word' id='word_1_176' title='bbox 726 1597 802 1649; x_wconf 86' lang='lat' dir='ltr'><strong>„Id</strong></span> <span class='ocrx_word' id='word_1_177' title='bbox 831 1595 1005 1637; x_wconf 89' lang='lat' dir='ltr'><strong>solum”</strong></span> <span class='ocrx_word' id='word_1_178' title='bbox 1027 1595 1211 1650; x_wconf 91' lang='lat' dir='ltr'><strong>(Tiberii</strong></span> <span class='ocrx_word' id='word_1_179' title='bbox 1240 1601 1343 1636; x_wconf 91' lang='lat' dir='ltr'><strong>sunt</strong></span> <span class='ocrx_word' id='word_1_180' title='bbox 1371 1595 1523 1644; x_wconf 90' lang='lat' dir='ltr'><strong>verba,</strong></span> <span class='ocrx_word' id='word_1_181' title='bbox 1552 1594 1716 1649; x_wconf 91' lang='lat' dir='ltr'><strong>quibus</strong></span> <span class='ocrx_word' id='word_1_182' title='bbox 1733 1595 1790 1636; x_wconf 90' lang='lat' dir='ltr'><strong>de</strong></span> <span class='ocrx_word' id='word_1_183' title='bbox 1809 1599 1957 1637; x_wconf 88' lang='lat' dir='ltr'><strong>morte</strong></span> 
     </span>
     <span class='ocr_line' id='line_1_25' title="bbox 363 1675 1954 1730; baseline 0.001 -14"><span class='ocrx_word' id='word_1_184' title='bbox 363 1676 619 1717; x_wconf 89' lang='lat' dir='ltr'><strong>Germanici</strong></span> <span class='ocrx_word' id='word_1_185' title='bbox 668 1690 714 1717; x_wconf 92' lang='lat' dir='ltr'><strong>se</strong></span> <span class='ocrx_word' id='word_1_186' title='bbox 764 1676 1050 1730; x_wconf 91' lang='lat' dir='ltr'><strong>cogniturum</strong></span> <span class='ocrx_word' id='word_1_187' title='bbox 1101 1676 1251 1730; x_wconf 88' lang='lat' dir='ltr'><strong>negat)</strong></span> <span class='ocrx_word' id='word_1_188' title='bbox 1306 1675 1603 1728; x_wconf 89' lang='lat' dir='ltr'><strong>„Germanico</strong></span> <span class='ocrx_word' id='word_1_189' title='bbox 1651 1688 1786 1730; x_wconf 88' lang='lat' dir='ltr'><strong>super</strong></span> <span class='ocrx_word' id='word_1_190' title='bbox 1831 1675 1954 1730; x_wconf 88' lang='lat' dir='ltr'><strong>leges</strong></span> 
     </span>
     <span class='ocr_line' id='line_1_26' title="bbox 362 1755 2038 1812; baseline -0.001 -15"><span class='ocrx_word' id='word_1_191' title='bbox 362 1756 731 1811; x_wconf 86' lang='lat' dir='ltr'><strong>praestiterimus,</strong></span> <span class='ocrx_word' id='word_1_192' title='bbox 776 1757 899 1810; x_wconf 90' lang='lat' dir='ltr'><strong>quod</strong></span> <span class='ocrx_word' id='word_1_193' title='bbox 939 1757 983 1798; x_wconf 92' lang='lat' dir='ltr'><strong>in</strong></span> <span class='ocrx_word' id='word_1_194' title='bbox 1016 1757 1139 1798; x_wconf 87' lang='lat' dir='ltr'><strong>curia</strong></span> <span class='ocrx_word' id='word_1_195' title='bbox 1172 1757 1322 1810; x_wconf 91' lang='lat' dir='ltr'><strong>potius</strong></span> <span class='ocrx_word' id='word_1_196' title='bbox 1355 1770 1491 1810; x_wconf 93' lang='lat' dir='ltr'><strong>quam</strong></span> <span class='ocrx_word' id='word_1_197' title='bbox 1523 1756 1567 1797; x_wconf 91' lang='lat' dir='ltr'><strong>in</strong></span> <span class='ocrx_word' id='word_1_198' title='bbox 1601 1755 1711 1806; x_wconf 81' lang='lat' dir='ltr'><strong>foro,</strong></span> <span class='ocrx_word' id='word_1_199' title='bbox 1745 1761 1856 1810; x_wconf 85' lang='lat' dir='ltr'><strong>aput</strong></span> <span class='ocrx_word' id='word_1_200' title='bbox 1887 1768 1954 1797; x_wconf 86' lang='lat' dir='ltr'><strong>se·</strong></span> <span class='ocrx_word' id='word_1_201' title='bbox 2000 1757 2038 1812; x_wconf 66' lang='lat' dir='ltr'><strong>J}</strong></span> 
     </span>
    </p>
   </div>
   <div class='ocr_carea' id='block_1_18' title="bbox 360 1835 1768 1891">
    <p class='ocr_par' dir='ltr' id='par_1_20' title="bbox 360 1835 1768 1891">
     <span class='ocr_line' id='line_1_27' title="bbox 360 1835 1768 1891; baseline -0.001 -13"><span class='ocrx_word' id='word_1_202' title='bbox 360 1843 517 1878; x_wconf 90' lang='lat' dir='ltr'><strong>natum</strong></span> <span class='ocrx_word' id='word_1_203' title='bbox 550 1849 686 1891; x_wconf 91' lang='lat' dir='ltr'><strong>quam</strong></span> <span class='ocrx_word' id='word_1_204' title='bbox 719 1842 829 1890; x_wconf 90' lang='lat' dir='ltr'><strong>aput</strong></span> <span class='ocrx_word' id='word_1_205' title='bbox 863 1836 1046 1885; x_wconf 89' lang='lat' dir='ltr'><strong>iudices,</strong></span> <span class='ocrx_word' id='word_1_206' title='bbox 1081 1837 1137 1878; x_wconf 91' lang='lat' dir='ltr'><strong>de</strong></span> <span class='ocrx_word' id='word_1_207' title='bbox 1170 1841 1314 1877; x_wconf 85' lang='lat' dir='ltr'><strong>morte</strong></span> <span class='ocrx_word' id='word_1_208' title='bbox 1349 1836 1443 1877; x_wconf 90' lang='lat' dir='ltr'><strong>eius</strong></span> <span class='ocrx_word' id='word_1_209' title='bbox 1475 1835 1768 1890; x_wconf 87' lang='lat' dir='ltr'><strong>anquiritur.”</strong></span> 
     </span>
    </p>
   </div>
   <div class='ocr_carea' id='block_1_19' title="bbox 423 1908 2026 1970">
    <p class='ocr_par' dir='ltr' id='par_1_21' title="bbox 423 1908 2038 1970">
     <span class='ocr_line' id='line_1_28' title="bbox 423 1908 2026 1970; baseline -0.001 -12"><span class='ocrx_word' id='word_1_210' title='bbox 423 1917 652 1958; x_wconf 88' lang='lat' dir='ltr'><strong>Haeccine</strong></span> <span class='ocrx_word' id='word_1_211' title='bbox 682 1917 726 1957; x_wconf 90' lang='lat' dir='ltr'><strong>in</strong></span> <span class='ocrx_word' id='word_1_212' title='bbox 756 1916 917 1957; x_wconf 90' lang='lat' dir='ltr'><strong>Tacito</strong></span> <span class='ocrx_word' id='word_1_213' title='bbox 945 1916 1126 1957; x_wconf 89' lang='lat' dir='ltr'><strong>tolerari</strong></span> <span class='ocrx_word' id='word_1_214' title='bbox 1154 1916 1304 1965; x_wconf 87' lang='lat' dir='ltr'><strong>etiam,</strong></span> <span class='ocrx_word' id='word_1_215' title='bbox 1335 1929 1482 1970; x_wconf 90' lang='lat' dir='ltr'><strong>neque</strong></span> <span class='ocrx_word' id='word_1_216' title='bbox 1511 1929 1788 1970; x_wconf 88' lang='lat' dir='ltr'><strong>quemquam</strong></span> <span class='ocrx_word' id='word_1_217' title='bbox 1805 1915 1954 1960; x_wconf 85' lang='lat' dir='ltr'><strong>adhue</strong></span> <span class='ocrx_word' id='word_1_218' title='bbox 2008 1908 2026 1943; x_wconf 64' lang='lat'><strong>5?</strong></span> 
     </span>
    </p>
   </div>
   <div class='ocr_carea' id='block_1_20' title="bbox 360 1996 2027 2051">
    <p class='ocr_par' dir='ltr' id='par_1_22' title="bbox 360 1996 2031 2052">
     <span class='ocr_line' id='line_1_29' title="bbox 360 1996 2027 2051; baseline 0.001 -13"><span class='ocrx_word' id='word_1_219' title='bbox 360 1997 671 2038; x_wconf 90' lang='lat' dir='ltr'><strong>observavisse</strong></span> <span class='ocrx_word' id='word_1_220' title='bbox 700 1997 768 2038; x_wconf 91' lang='lat' dir='ltr'><strong>bis</strong></span> <span class='ocrx_word' id='word_1_221' title='bbox 795 1997 916 2037; x_wconf 91' lang='lat' dir='ltr'><strong>idem</strong></span> <span class='ocrx_word' id='word_1_222' title='bbox 945 1996 1017 2037; x_wconf 89' lang='lat' dir='ltr'><strong>hic</strong></span> <span class='ocrx_word' id='word_1_223' title='bbox 1047 1996 1148 2045; x_wconf 91' lang='lat' dir='ltr'><strong>dici,</strong></span> <span class='ocrx_word' id='word_1_224' title='bbox 1178 1996 1318 2037; x_wconf 90' lang='lat' dir='ltr'><strong>semel</strong></span> <span class='ocrx_word' id='word_1_225' title='bbox 1345 2011 1371 2038; x_wconf 91' lang='lat' dir='ltr'><strong>a</strong></span> <span class='ocrx_word' id='word_1_226' title='bbox 1398 1996 1560 2037; x_wconf 90' lang='lat' dir='ltr'><strong>Tacito</strong></span> <span class='ocrx_word' id='word_1_227' title='bbox 1589 1997 1650 2051; x_wconf 79' lang='lat' dir='ltr'><strong>(in</strong></span> <span class='ocrx_word' id='word_1_228' title='bbox 1667 1997 1796 2038; x_wconf 83' lang='lat' dir='ltr'><strong>curia</strong></span> <span class='ocrx_word' id='word_1_229' title='bbox 1803 1997 1956 2051; x_wconf 78' lang='lat' dir='ltr'><strong>potius</strong></span> <span class='ocrx_word' id='word_1_230' title='bbox 1999 1998 2027 2041; x_wconf 58' lang='lat' dir='ltr'><strong>‚js</strong></span> 
     </span>
    </p>
   </div>
   <div class='ocr_carea' id='block_1_21' title="bbox 357 2076 1957 2133">
    <p class='ocr_par' dir='ltr' id='par_1_23' title="bbox 357 2070 2032 2139">
     <span class='ocr_line' id='line_1_30' title="bbox 357 2076 1957 2133; baseline -0.001 -14"><span class='ocrx_word' id='word_1_231' title='bbox 357 2092 490 2132; x_wconf 85' lang='lat' dir='ltr'><strong>quam</strong></span> <span class='ocrx_word' id='word_1_232' title='bbox 518 2079 563 2119; x_wconf 81' lang='lat' dir='ltr'><strong>in</strong></span> <span class='ocrx_word' id='word_1_233' title='bbox 582 2077 726 2132; x_wconf 87' lang='lat' dir='ltr'><strong>foro),</strong></span> <span class='ocrx_word' id='word_1_234' title='bbox 755 2076 893 2118; x_wconf 89' lang='lat' dir='ltr'><strong>semel</strong></span> <span class='ocrx_word' id='word_1_235' title='bbox 923 2091 948 2118; x_wconf 92' lang='lat' dir='ltr'><strong>a</strong></span> <span class='ocrx_word' id='word_1_236' title='bbox 976 2076 1288 2130; x_wconf 88' lang='lat' dir='ltr'><strong>ludimagistro</strong></span> <span class='ocrx_word' id='word_1_237' title='bbox 1317 2076 1442 2131; x_wconf 85' lang='lat' dir='ltr'><strong>(aput</strong></span> <span class='ocrx_word' id='word_1_238' title='bbox 1466 2084 1663 2118; x_wconf 85' lang='lat' dir='ltr'><strong>senatum</strong></span> <span class='ocrx_word' id='word_1_239' title='bbox 1692 2090 1823 2131; x_wconf 88' lang='lat' dir='ltr'><strong>quam</strong></span> <span class='ocrx_word' id='word_1_240' title='bbox 1845 2084 1957 2133; x_wconf 84' lang='lat' dir='ltr'><strong>aput</strong></span> 
     </span>
    </p>
   </div>
   <div class='ocr_carea' id='block_1_22' title="bbox 359 2155 1954 2212">
    <p class='ocr_par' dir='ltr' id='par_1_24' title="bbox 359 2147 2035 2212">
     <span class='ocr_line' id='line_1_31' title="bbox 359 2155 1954 2212; baseline 0 -13"><span class='ocrx_word' id='word_1_241' title='bbox 359 2158 559 2212; x_wconf 81' lang='lat' dir='ltr'><strong>z‘udz&#39;ces)!</strong></span> <span class='ocrx_word' id='word_1_242' title='bbox 610 2157 676 2198; x_wconf 87' lang='lat' dir='ltr'><strong>At</strong></span> <span class='ocrx_word' id='word_1_243' title='bbox 704 2171 750 2198; x_wconf 90' lang='lat' dir='ltr'><strong>re</strong></span> <span class='ocrx_word' id='word_1_244' title='bbox 778 2157 1019 2198; x_wconf 89' lang='lat' dir='ltr'><strong>observata</strong></span> <span class='ocrx_word' id='word_1_245' title='bbox 1046 2155 1177 2197; x_wconf 88' lang='lat' dir='ltr'><strong>simul</strong></span> <span class='ocrx_word' id='word_1_246' title='bbox 1206 2155 1445 2197; x_wconf 89' lang='lat' dir='ltr'><strong>manifesto</strong></span> <span class='ocrx_word' id='word_1_247' title='bbox 1472 2161 1680 2198; x_wconf 88' lang='lat' dir='ltr'><strong>tenemus</strong></span> <span class='ocrx_word' id='word_1_248' title='bbox 1707 2155 1954 2207; x_wconf 66' lang='lat' dir='ltr'><strong>librarium,</strong></span> 
     </span>
    </p>
   </div>
   <div class='ocr_carea' id='block_1_23' title="bbox 361 2235 2024 2371">
    <p class='ocr_par' dir='ltr' id='par_1_25' title="bbox 361 2223 2029 2386">
     <span class='ocr_line' id='line_1_32' title="bbox 361 2235 1952 2293; baseline 0 -14"><span class='ocrx_word' id='word_1_249' title='bbox 361 2252 442 2293; x_wconf 89' lang='lat' dir='ltr'><strong>pro</strong></span> <span class='ocrx_word' id='word_1_250' title='bbox 470 2238 616 2279; x_wconf 91' lang='lat' dir='ltr'><strong>Taciti</strong></span> <span class='ocrx_word' id='word_1_251' title='bbox 638 2237 785 2279; x_wconf 91' lang='lat' dir='ltr'><strong>verbis</strong></span> <span class='ocrx_word' id='word_1_252' title='bbox 804 2236 1022 2291; x_wconf 83' lang='lat' dir='ltr'><strong>puerilem</strong></span> <span class='ocrx_word' id='word_1_253' title='bbox 1040 2236 1166 2277; x_wconf 93' lang='lat' dir='ltr'><strong>scioli</strong></span> <span class='ocrx_word' id='word_1_254' title='bbox 1185 2236 1500 2277; x_wconf 89' lang='lat' dir='ltr'><strong>venditantem</strong></span> <span class='ocrx_word' id='word_1_255' title='bbox 1518 2235 1952 2279; x_wconf 87' lang='lat' dir='ltr'><strong>annotatiunculam.</strong></span> 
     </span>
     <span class='ocr_line' id='line_1_33' title="bbox 362 2306 2024 2371; baseline 0.002 -12"><span class='ocrx_word' id='word_1_256' title='bbox 362 2319 431 2359; x_wconf 90' lang='lat' dir='ltr'><strong>Ne</strong></span> <span class='ocrx_word' id='word_1_257' title='bbox 475 2318 664 2358; x_wconf 90' lang='lat' dir='ltr'><strong>latinum</strong></span> <span class='ocrx_word' id='word_1_258' title='bbox 707 2318 892 2370; x_wconf 90' lang='lat' dir='ltr'><strong>quidem</strong></span> <span class='ocrx_word' id='word_1_259' title='bbox 936 2316 1056 2357; x_wconf 90' lang='lat' dir='ltr'><strong>istud</strong></span> <span class='ocrx_word' id='word_1_260' title='bbox 1099 2324 1209 2370; x_wconf 82' lang='lat' dir='ltr'><strong>aput</strong></span> <span class='ocrx_word' id='word_1_261' title='bbox 1247 2324 1445 2358; x_wconf 86' lang='lat' dir='ltr'><strong>senatum</strong></span> <span class='ocrx_word' id='word_1_262' title='bbox 1487 2330 1620 2370; x_wconf 85' lang='lat' dir='ltr'><strong>quam</strong></span> <span class='ocrx_word' id='word_1_263' title='bbox 1652 2324 1763 2371; x_wconf 83' lang='lat' dir='ltr'><strong>aput</strong></span> <span class='ocrx_word' id='word_1_264' title='bbox 1791 2316 1971 2367; x_wconf 16' lang='lat' dir='ltr'><strong>iudices,</strong></span> <span class='ocrx_word' id='word_1_265' title='bbox 1995 2306 2024 2357; x_wconf 64' lang='grc' dir='ltr'><strong>’ῗῘ</strong></span> 
     </span>
    </p>
   </div>
   <div class='ocr_carea' id='block_1_24' title="bbox 360 2396 1336 2452">
    <p class='ocr_par' dir='ltr' id='par_1_26' title="bbox 360 2396 1336 2452">
     <span class='ocr_line' id='line_1_34' title="bbox 360 2396 1336 2452; baseline -0.003 -13"><span class='ocrx_word' id='word_1_266' title='bbox 360 2399 542 2452; x_wconf 89' lang='lat' dir='ltr'><strong>(omisso</strong></span> <span class='ocrx_word' id='word_1_267' title='bbox 574 2397 793 2439; x_wconf 87' lang='lat' dir='ltr'><strong>adverbio</strong></span> <span class='ocrx_word' id='word_1_268' title='bbox 817 2397 982 2451; x_wconf 82' lang='lat' dir='ltr'><strong>potius)</strong></span> <span class='ocrx_word' id='word_1_269' title='bbox 1016 2409 1111 2437; x_wconf 91' lang='lat' dir='ltr'><strong>esse</strong></span> <span class='ocrx_word' id='word_1_270' title='bbox 1144 2396 1336 2437; x_wconf 87' lang='lat' dir='ltr'><strong>videtur.</strong></span> 
     </span>
    </p>
   </div>
   <div class='ocr_carea' id='block_1_25' title="bbox 359 2465 2030 2771">
    <p class='ocr_par' dir='ltr' id='par_1_27' title="bbox 359 2465 2030 2771">
     <span class='ocr_line' id='line_1_35' title="bbox 421 2465 2030 2539; baseline 0.001 -21"><span class='ocrx_word' id='word_1_271' title='bbox 421 2478 477 2526; x_wconf 88' lang='grc' dir='ltr'><strong>ΙΙ,</strong></span> <span class='ocrx_word' id='word_1_272' title='bbox 513 2479 582 2518; x_wconf 83' lang='lat'><strong>81.</strong></span> <span class='ocrx_word' id='word_1_273' title='bbox 621 2477 833 2530; x_wconf 84' lang='lat' dir='ltr'><strong>„Interim</strong></span> <span class='ocrx_word' id='word_1_274' title='bbox 867 2476 968 2517; x_wconf 92' lang='lat' dir='ltr'><strong>Piso</strong></span> <span class='ocrx_word' id='word_1_275' title='bbox 1002 2476 1190 2517; x_wconf 88' lang='lat' dir='ltr'><strong>classem</strong></span> <span class='ocrx_word' id='word_1_276' title='bbox 1224 2476 1343 2517; x_wconf 89' lang='lat' dir='ltr'><strong>haud</strong></span> <span class='ocrx_word' id='word_1_277' title='bbox 1378 2475 1535 2530; x_wconf 91' lang='lat' dir='ltr'><strong>procul</strong></span> <span class='ocrx_word' id='word_1_278' title='bbox 1563 2465 1846 2530; x_wconf 69' lang='lat' dir='ltr'><strong>operientem</strong></span> <span class='ocrx_word' id='word_1_279' title='bbox 1872 2476 1950 2518; x_wconf 90' lang='lat' dir='ltr'><strong>ad·</strong></span> <span class='ocrx_word' id='word_1_280' title='bbox 1982 2467 2030 2539; x_wconf 46' lang='grc' dir='ltr'><strong>’Ῑζῗ</strong></span> 
     </span>
     <span class='ocr_line' id='line_1_36' title="bbox 360 2541 2023 2615; baseline -0.001 -16"><span class='ocrx_word' id='word_1_281' title='bbox 360 2572 560 2612; x_wconf 88' lang='lat' dir='ltr'><strong>pugnare</strong></span> <span class='ocrx_word' id='word_1_282' title='bbox 604 2558 765 2598; x_wconf 89' lang='lat' dir='ltr'><strong>frustra</strong></span> <span class='ocrx_word' id='word_1_283' title='bbox 799 2557 1064 2611; x_wconf 87' lang='lat' dir='ltr'><strong>temptavit;</strong></span> <span class='ocrx_word' id='word_1_284' title='bbox 1099 2569 1415 2610; x_wconf 85' lang='lat' dir='ltr'><strong>regressusque</strong></span> <span class='ocrx_word' id='word_1_285' title='bbox 1449 2561 1495 2596; x_wconf 91' lang='lat' dir='ltr'><strong>et</strong></span> <span class='ocrx_word' id='word_1_286' title='bbox 1522 2569 1609 2610; x_wconf 90' lang='lat' dir='ltr'><strong>pro</strong></span> <span class='ocrx_word' id='word_1_287' title='bbox 1642 2557 1778 2597; x_wconf 91' lang='lat' dir='ltr'><strong>muris</strong></span> <span class='ocrx_word' id='word_1_288' title='bbox 1812 2541 2023 2615; x_wconf 15' lang='lat' dir='ltr'><strong>inodoffg</strong></span> 
     </span>
     <span class='ocr_line' id='line_1_37' title="bbox 359 2636 1951 2690; baseline -0.001 -12"><span class='ocrx_word' id='word_1_289' title='bbox 359 2643 503 2678; x_wconf 89' lang='lat' dir='ltr'><strong>semet</strong></span> <span class='ocrx_word' id='word_1_290' title='bbox 530 2638 805 2686; x_wconf 86' lang='lat' dir='ltr'><strong>afflictando‚</strong></span> <span class='ocrx_word' id='word_1_291' title='bbox 835 2637 972 2677; x_wconf 90' lang='lat' dir='ltr'><strong>modo</strong></span> <span class='ocrx_word' id='word_1_292' title='bbox 999 2636 1197 2690; x_wconf 91' lang='lat' dir='ltr'><strong>singulos</strong></span> <span class='ocrx_word' id='word_1_293' title='bbox 1215 2636 1397 2676; x_wconf 90' lang='lat' dir='ltr'><strong>nomine</strong></span> <span class='ocrx_word' id='word_1_294' title='bbox 1416 2636 1538 2681; x_wconf 88' lang='lat' dir='ltr'><strong>ciens</strong></span> <span class='ocrx_word' id='word_1_295' title='bbox 1556 2636 1766 2689; x_wconf 89' lang='lat' dir='ltr'><strong>praemiis</strong></span> <span class='ocrx_word' id='word_1_296' title='bbox 1782 2648 1951 2681; x_wconf 79' lang='lat' dir='ltr'><strong>vocans</strong></span> 
     </span>
     <span class='ocr_line' id='line_1_38' title="bbox 359 2715 1972 2771; baseline 0.001 -13"><span class='ocrx_word' id='word_1_297' title='bbox 359 2718 629 2758; x_wconf 89' lang='lat' dir='ltr'><strong>seditionem</strong></span> <span class='ocrx_word' id='word_1_298' title='bbox 656 2717 916 2771; x_wconf 89' lang='lat' dir='ltr'><strong>coeptabat,</strong></span> <span class='ocrx_word' id='word_1_299' title='bbox 943 2718 1149 2770; x_wconf 90' lang='lat' dir='ltr'><strong>adeoque</strong></span> <span class='ocrx_word' id='word_1_300' title='bbox 1169 2722 1480 2758; x_wconf 88' lang='lat' dir='ltr'><strong>commoverat</strong></span> <span class='ocrx_word' id='word_1_301' title='bbox 1496 2721 1546 2757; x_wconf 88' lang='lat' dir='ltr'><strong>ut</strong></span> <span class='ocrx_word' id='word_1_302' title='bbox 1563 2715 1745 2770; x_wconf 87' lang='lat' dir='ltr'><strong>signifer</strong></span> <span class='ocrx_word' id='word_1_303' title='bbox 1761 2715 1951 2770; x_wconf 75' lang='lat' dir='ltr'><strong>legionis</strong></span> <span class='ocrx_word' id='word_1_304' title='bbox 1967 2740 1972 2764; x_wconf 84' lang='lat'><strong><em>;</em></strong></span> 
     </span>
    </p>
   </div>
   <div class='ocr_carea' id='block_1_26' title="bbox 361 2795 1511 2852">
    <p class='ocr_par' dir='ltr' id='par_1_28' title="bbox 361 2795 1511 2852">
     <span class='ocr_line' id='line_1_39' title="bbox 361 2795 1511 2852; baseline -0.001 -14"><span class='ocrx_word' id='word_1_305' title='bbox 361 2811 529 2838; x_wconf 87' lang='lat' dir='ltr'><strong>vocans</strong></span> <span class='ocrx_word' id='word_1_306' title='bbox 561 2803 717 2838; x_wconf 86' lang='lat' dir='ltr'><strong>sextae</strong></span> <span class='ocrx_word' id='word_1_307' title='bbox 751 2798 928 2852; x_wconf 91' lang='lat' dir='ltr'><strong>signum</strong></span> <span class='ocrx_word' id='word_1_308' title='bbox 961 2798 1018 2838; x_wconf 90' lang='lat' dir='ltr'><strong>ad</strong></span> <span class='ocrx_word' id='word_1_309' title='bbox 1054 2811 1156 2838; x_wconf 89' lang='lat' dir='ltr'><strong>eum</strong></span> <span class='ocrx_word' id='word_1_310' title='bbox 1190 2795 1511 2838; x_wconf 87' lang='lat' dir='ltr'><strong>transtulerit.”</strong></span> 
     </span>
    </p>
   </div>
   <div class='ocr_carea' id='block_1_27' title="bbox 373 2902 632 2905">
    <p class='ocr_par' dir='ltr' id='par_1_29' title="bbox 373 2902 632 2905">
     <span class='ocr_line' id='line_1_40' title="bbox 373 2902 632 2905; baseline 0 0"><span class='ocrx_word' id='word_1_311' title='bbox 373 2902 632 2905; x_wconf 95' lang='lat' dir='ltr'><strong> </strong></span> 
     </span>
    </p>
   </div>
   <div class='ocr_carea' id='block_1_28' title="bbox 409 2961 915 3006">
    <p class='ocr_par' dir='ltr' id='par_1_30' title="bbox 409 2961 915 3006">
     <span class='ocr_line' id='line_1_41' title="bbox 409 2961 915 3006; baseline 0.004 -12"><span class='ocrx_word' id='word_1_312' title='bbox 409 2963 443 3006; x_wconf 89' lang='lat'><strong>1)</strong></span> <span class='ocrx_word' id='word_1_313' title='bbox 468 2961 598 2996; x_wconf 86' lang='lat' dir='ltr'><strong>Mnem.</strong></span> <span class='ocrx_word' id='word_1_314' title='bbox 626 2965 745 2996; x_wconf 86' lang='lat' dir='ltr'>XXIX</span> <span class='ocrx_word' id='word_1_315' title='bbox 773 2975 807 3006; x_wconf 91' lang='lat' dir='ltr'><strong>p.</strong></span> <span class='ocrx_word' id='word_1_316' title='bbox 835 2964 915 2996; x_wconf 87' lang='lat'>280.</span> 
     </span>
    </p>
   </div>
   <div class='ocr_carea' id='block_1_29' title="bbox 1963 1381 2040 3412">
    <p class='ocr_par' dir='ltr' id='par_1_31' title="bbox 1963 1381 2040 3412">
     <span class='ocr_line' id='line_1_42' title="bbox 1963 1381 2040 3412; baseline 0 0"><span class='ocrx_word' id='word_1_317' title='bbox 1963 1381 2040 3412; x_wconf 95' lang='lat' dir='ltr'><strong> </strong></span> 
     </span>
    </p>
   </div>
  </div>
 </body>
</html>
