2040 3412
1083 290 1164 341 i44

322 405 486 447 culum.
530 406 709 448 Deinde
747 407 1088 461 cupidissimum
1119 421 1167 450 se
1199 409 1414 450 adversus
1446 409 1678 451 Tiberium
1711 391 1951 471 praebet(

323 486 400 539 qui
444 499 503 526 ex
544 487 726 541 egregio
769 487 939 528 Tiberii
981 498 1199 542 responso
1241 489 1545 543 suspicionem
1577 494 1706 544 petat
1736 478 1963 542 slmula-

321 566 458 607 tionis
499 571 593 607 tam
637 567 837 621 perfidae
879 573 974 609 tam
1005 569 1340 610 abominandae
1373 574 1422 610 ut
1454 570 1532 611 vix
1563 570 1607 611 in
1641 551 1967 629 quemquantff

324 645 582 687 mortalium
615 648 859 689 convenire
887 648 1108 690 videatur.
1138 649 1230 690 Ain
1259 652 1391 690 vero!
1421 648 1571 707 Sicine
1598 647 1977 711 respondendum

322 731 461 779 atque
503 726 567 767 sic
608 727 872 782 repellendo
915 741 984 778 eo,
1028 729 1104 782 qui
1138 742 1257 770 nova
1289 728 1558 770 crudelitate
1591 709 1982 782 commaculares}

323 805 651 860 rempublicam
694 807 864 861 primus
907 813 975 849 est
1017 813 1220 858 conatuS,
1256 807 1342 849 hoc
1375 809 1600 862 spectavit
1632 807 1842 851 Tiberius
1866 807 1968 870 ut'ssssj
1959 807 1964 810 ’

324 885 380 926 ad
414 886 559 940 ipsam
586 885 707 927 illam
735 886 1043 928 calamitatem
1070 888 1190 928 viam
1218 886 1442 928 muniret?
1471 888 1541 929 Ne
1569 888 1627 929 de
1655 883 1985 941 Domitiam&

325 965 509 1019 quidem
541 966 578 1006 si
611 966 711 1020 quis
742 964 850 1007 talia
882 967 1095 1016 traderet,
1131 957 1269 1008 fidem
1302 967 1343 1008 ei
1377 966 1659 1010 haberemus.
1693 966 1796 1011 Hoc
1827 979 1930 1011 cer·-
1943 956 1976 1003 ἒ

323 1049 422 1086 tum
450 1051 517 1086 est
544 1045 795 1088 Domitiani
825 1052 1056 1100 „naturam
1084 1046 1351 1088 obscuram‘
1379 1046 1507 1102 (Agr.
1533 1047 1607 1102 42)
1629 1046 1794 1088 Tacito
1813 1045 1968 1100 anfiq

324 1125 480 1167 oculos
511 1126 800 1167 obversatam
834 1139 945 1176 esse,
978 1139 1081 1167 cum
1109 1126 1166 1168 de
1194 1126 1379 1168 Tiberio
1406 1131 1500 1168 tam
1527 1125 1811 1169 incredibilia
1834 1124 1974 1180 Sibi

326 1205 546 1260 fingeret¹
553 1207 580 1261 ).

386 1285 507 1327 Ann.
537 1287 571 1327 Ι.
602 1286 672 1341 76.
706 1286 911 1340 „Eodem
938 1299 1058 1327 anno
1086 1286 1312 1328 continuis
1337 1286 1556 1328 imbribus
1570 1284 1929 1345 auctusjl'iberis

326 1365 463 1419 plana
503 1365 626 1407 urbis
668 1370 981 1419 stagnaverat;
1015 1365 1295 1407 relabentem
1327 1371 1482 1408 secuta
1514 1371 1583 1408 est
1613 1364 1930 1426 aedificiorum

326 1451 373 1487 et
414 1446 650 1487 hominum
691 1451 878 1500 strages.
923 1445 1064 1499 Igitur
1106 1446 1282 1487 censuit
1325 1445 1510 1488 Asinius
1543 1443 1708 1496 Gallus,
1743 1450 1794 1488 ut
1813 1444 1930 1496 elihu

328 1525 539 1580 Sibyllini
566 1521 811 1567 adirentur.
841 1525 1042 1567 Rennuit
1070 1523 1278 1567 Tiberius
1297 1558 1307 1567 .
1327 1558 1337 1567 .
1357 1558 1366 1567 .
1386 1558 1396 1567 .
1414 1526 1493 1567 sed
1524 1525 1775 1568 remedium
1801 1514 1984 1589 coefi-3523

329 1607 462 1648 cendi
496 1605 691 1647 fluminis
723 1605 863 1647 Ateio
897 1605 1108 1660 Capitoni
1142 1611 1187 1646 et
1221 1606 1273 1647 L.
1307 1605 1526 1647 Arruntio
1556 1602 1868 1664 mandatum.”
1904 1656 1907 1661 .

388 1685 532 1727 Vides
574 1685 683 1739 quid
718 1685 894 1726 intersit
926 1685 1043 1726 inter
1075 1685 1308 1726 hominem
1342 1685 1548 1740 ineptum
1580 1684 1846 1739 fatuumque
1877 1670 1998 1742 clf-ft?

328 1766 729 1820 prudentissimum
773 1764 1029 1806 mortalium
1073 1765 1409 1819 imperatorem.
1443 1764 1616 1820 Quodsi
1649 1769 1696 1807 et
1726 1763 1824 1820 ipse
1854 1764 1986 1822 suesi-

333 1846 561 1901 spiciones
609 1859 792 1887 movere
839 1844 1017 1895 vellem,
1061 1858 1228 1898 easque
1275 1845 1460 1887 minime
1502 1845 1560 1886 de
1601 1843 1742 1887 nihilo
1782 1829 1993 1911 fictas,

330 1926 554 1967 coniicere
586 1938 767 1980 possem
801 1938 892 1966 non
924 1930 1019 1966 tam
1050 1924 1189 1966 stulta
1221 1925 1484 1967 infirmitate
1516 1931 1692 1968 motum
1723 1923 1833 1967 illud
1865 1923 1925 1970 de

330 2005 455 2047 libris
497 2005 730 2060 Sibyllinis
767 2005 992 2046 censuisse
1026 2004 1218 2055 Gallum,
1251 2005 1331 2046 sed
1364 2010 1624 2060 sperantem
1656 2003 1752 2048 fore
1782 2009 1834 2047 ut
1863 1998 1972 2051 tbi

331 2086 556 2140 legeretur
582 2085 766 2140 aliquid,
796 2085 919 2139 quod
946 2097 1093 2126 rerum
1112 2085 1412 2127 mutationem
1428 2091 1567 2140 atque
1584 2085 1669 2140 ipsi
1686 2075 1991 2151 impetum}
1950 2126 1984 2154 53

390 2228 424 2272 1)
450 2229 552 2260 Hanc
588 2226 723 2259 Tiberii
759 2236 838 2259 cum
874 2225 1078 2258 Domitiano
1114 2225 1356 2258 confusionem
1393 2237 1464 2259 non
1501 2229 1802 2260 commemoratam
1836 2225 1963 2289 inm&

331 2296 451 2318 causas
486 2296 546 2317 cur
571 2290 640 2317 tam
666 2294 827 2327 perverse
852 2283 896 2315 de
921 2283 1065 2315 Tiberio
1090 2283 1295 2316 iudicaverit
1320 2284 1462 2317 Tacitus
1485 2295 1506 2317 a
1530 2284 1666 2317 Stahrio
1691 2284 1729 2317 in
1753 2292 1807 2328 p·

330 2343 392 2376 illa
427 2343 558 2375 Tiberii
583 2342 788 2374 defensione
814 2351 919 2384 saepe
944 2340 1086 2373 miratus
1111 2351 1197 2373 sum.
1224 2341 1292 2374 Sed
1317 2342 1598 2375 commemoravit
1623 2352 1698 2375 eam
1722 2341 1784 2386 qui
1807 2350 1857 2374 m·
1950 2350 1986 2375 ἶ.

331 2405 411 2444 post
433 2400 606 2433 Stahrium
627 2399 729 2432 annis
750 2399 843 2431 idem
865 2398 1023 2431 tractavit
1044 2403 1305 2441 argumentum:
1323 2400 1514 2432 Tarverus‘
1504 2411 1542 2432 m
1553 2400 1645 2433 libro
1659 2410 1689 2433 c.
1703 2403 1728 2432 t.
1744 2394 1982 2458 Tiberim

331 2459 389 2491 the
427 2458 564 2501 tyrant”
567 2483 578 2502 .,
614 2458 675 2500 qui
711 2457 814 2500 liber,
846 2457 929 2489 licet
962 2457 1059 2499 quod
1091 2456 1135 2489 ad
1169 2457 1362 2490 doctrinam
1396 2463 1430 2491 et
1463 2458 1667 2501 disputandi
1699 2444 1966 2495 subfflitate'd
1937 2473 1995 2527 „gx-‘3

330 2517 484 2559 pertinet
516 2526 595 2548 cum
629 2515 811 2547 Stahriano
844 2514 994 2546 conferri
1027 2524 1250 2557 nequaquam
1283 2516 1406 2560 possit,
1437 2516 1532 2548 haud
1564 2525 1676 2558 pauca
1706 2515 1814 2549 habet
1837 2506 1990 2565 ¹1¹⁸ss

330 2575 403 2607 iure
429 2575 626 2617 probemus.
654 2574 696 2605 In
722 2573 851 2616 quibus
877 2577 912 2604 et
938 2573 1004 2604 hoc
1029 2576 1082 2604 est
1106 2572 1203 2615 quod
1227 2584 1263 2615 p.
1286 2573 1352 2616 265
1377 2574 1479 2606 dicit:
1504 2574 1563 2616 „in
1585 2573 1667 2618 fact,
1687 2573 1747 2607 the
1766 2573 1857 2607 Tibe

331 2632 371 2664 of
400 2632 541 2664 Tacitus
571 2641 641 2663 was
668 2635 732 2663 not
756 2630 918 2662 Tiberius
942 2634 978 2662 at
1002 2629 1062 2673 all,
1086 2630 1149 2662 but
1176 2630 1379 2663 Domitian'’
1383 2655 1391 2664 .
1416 2632 1472 2664 En
1496 2633 1731 2675 συνέμπτωσιν
1754 2631 1873 2675 insign

332 2690 488 2732 mihique
514 2687 816 2721 iucundissimam!
844 2688 934 2720 Nam
959 2677 1102 2719 Tarveri
1126 2687 1217 2720 liber
1243 2689 1348 2730 paulo
1374 2690 1470 2732 prius
1489 2701 1594 2732 quam
1614 2689 1742 2724 haecce
1756 2699 1849 2723 com

332 2747 417 2778 tatio
443 2747 480 2778 in
505 2746 619 2778 lucem
645 2746 775 2788 prodiit
797 2745 845 2789 (a.
872 2742 996 2790 1902):
1018 2755 1133 2787 neque
1155 2755 1237 2788 ergo
1259 2746 1319 2778 ille
1341 2757 1429 2791 eam,
1450 2759 1528 2780 cum
1548 2749 1734 2792 scribebat,
1754 2746 1884 2792 cogni·
1944 2783 1946 2787 ,

334 2804 468 2847 habuit,
503 2809 549 2847 et,
582 2804 626 2836 ad
657 2814 712 2836 me
746 2814 824 2835 cum
858 2803 1008 2846 primum
1041 2803 1183 2835 Tarveri
1216 2804 1306 2836 liber
1338 2805 1588 2851 perferebatur,
1614 2817 1712 2840 meae
1737 2806 1782 2839 de
1805 2795 1936 2889 Τ191κήξ
1956 2793 1963 2806 ³

333 2860 592 2893 lucubrationes
630 2861 787 2893 nondum
820 2861 962 2903 quidem
996 2860 1095 2902 prelo
1127 2861 1315 2903 impressae
1348 2869 1458 2907 erant,
1490 2864 1552 2897 sed
1583 2864 1652 2897 iam
1683 2864 1878 2948 ειῑίειιιωῐι.ι
1877 2878 1895 2890 =

334 2919 547 2961 perscriptae
574 2919 869 2951 conservabantur
892 2918 987 2961 apud
1013 2918 1265 2961 Mnemosynae
1290 2921 1505 2954 collectores.
1533 2921 1709 2954 Credibile
1734 2926 1827 2954 est-

336 2977 392 3008 die
418 2982 452 3008 et
477 2987 531 3008 me
557 2981 591 3008 et
617 2977 716 3008 illum
741 2977 827 3008 haec
852 2975 896 3008 de
923 2975 1065 3007 Tiberio
1091 2976 1366 3021 Domitianoque
1390 2979 1527 3012 chartae
1548 2979 1742 3013 mandasse.
