2040 3412
1065 288 1147 330 134

302 396 607 450 depingenda,
637 397 714 451 qui
742 410 918 438 morum
946 399 1172 452 pravitate
1199 400 1428 455 animique
1451 401 1571 443 vitiis
1592 401 1794 446 innotue'

303 475 363 516 Et
406 476 500 517 sive
540 476 636 530 ipse
679 476 799 518 vitae
843 490 946 519 usus
988 491 1194 520 severum
1228 493 1332 522 eum
1363 472 1668 536 acerbumque
1701 482 1898 527 reddi

302 568 551 605 censorem,
594 556 689 597 sive
731 556 959 598 scribendi
1001 571 1156 612 genus,
1199 572 1291 613 quo
1329 560 1470 602 semel
1501 561 1566 603 uti
1597 561 1765 617 coepit,
1796 543 1901 623 ⁰ss

302 634 482 689 impulit
526 640 575 676 ut
617 649 796 690 semper
837 636 1172 680 obscurioribus
1214 644 1416 681 uteretur
1447 639 1674 683 coloribus
1704 626 1903 685 sem·>v

303 729 390 769 que
433 715 654 756 tristiores
695 714 952 770 legentibus
993 724 1271 772 proponeret
1308 719 1498 770 tabulas,
1532 720 1768 767 indulsisse
1871 778 1907 783 Ι

302 795 498 849 pessima
541 808 750 849 quaeque
793 796 1008 838 credendi
1040 798 1192 839 studio
1224 812 1360 841 nemo
1391 800 1486 841 iure
1517 800 1798 845 infitiabitur.
1822 827 1831 842 τ

302 875 447 929 signia
480 874 705 928 quaedam
739 876 877 916 modo
910 876 1077 931 protuli
1124 878 1348 933 exempla,
1382 879 1461 921 sed
1495 881 1648 923 nescio
1673 894 1731 923 an
1758 893 1823 925 ου

303 954 386 995 bus
413 954 471 994 sit
489 953 698 995 disertius
715 953 824 995 illud
844 949 966 1008 quod
985 961 1091 997 ante
1109 951 1304 1010 quatuor
1321 959 1536 1013 proposui
1552 973 1696 1003 annos
1713 959 1867 1015 (Mn

303 1047 346 1074 v.
381 1033 437 1074 26
470 1047 513 1087 p.
549 1045 636 1087 314
655 1034 786 1088 sqq..)
821 1035 890 1076 De
924 1034 1108 1077 Othone
1142 1036 1356 1092 Poppaea
1384 1038 1566 1080 Nerone
1593 1039 1791 1095 primum
1813 1028 1909 1087 T

303 1113 418 1154 citus
461 1113 663 1167 (Hist.1;
706 1115 771 1169 13)
810 1115 971 1156 eadem
1004 1115 1096 1157 fere
1128 1118 1328 1159 narravit
1359 1130 1475 1172 quae
1508 1117 1764 1180 Suetonius,

305 1193 582 1244 Plutarchus,
621 1200 780 1249 estque
814 1209 868 1237 ea
900 1196 1098 1238 narratio
1130 1197 1351 1239 eiusmodi
1384 1204 1434 1240 ut
1466 1204 1647 1254 praeter
1676 1213 1814 1246 sumn

302 1274 536 1315 levitatem
578 1274 689 1316 nihil
732 1275 776 1316 in
818 1275 871 1316 iis
914 1276 1058 1330 possis
1091 1277 1436 1332 reprehendere.
1470 1278 1537 1320 At
1569 1278 1761 1335 aliquot
1762 1286 1867 1340 ang.
1862 1262 1876 1268 ,

303 1359 463 1408 postea
504 1354 643 1409 (Ann
687 1355 815 1405 XIII,
856 1356 931 1410 46)
973 1357 1160 1398 eosdem
1193 1357 1293 1399 illos
1324 1358 1389 1400 ita
1419 1359 1639 1414 depingit,
1671 1365 1724 1403 ut
1752 1351 1887 1446 αὴίἦζ

303 1436 461 1477 tissimi
489 1435 599 1476 fiant
627 1435 899 1486 mortalium,
928 1450 1042 1490 quos
1064 1450 1199 1480 nemo
1221 1451 1312 1479 non
1335 1438 1704 1493 indignabundus
1724 1453 1835 1486 ave

302 1521 388 1557 tur.
418 1516 591 1557 Verum
617 1521 827 1558 accurate
854 1516 1004 1558 locum
1027 1517 1152 1559 illum
1176 1518 1413 1572 aspicienti
1431 1524 1623 1574 apparet
1639 1517 1801 1576 ibiqffi

302 1601 437 1637 antea
473 1595 705 1646 leniorem,
739 1597 979 1646 mitiorem,
1014 1602 1138 1639 certe
1167 1597 1488 1652 simpliciorem
1521 1590 1736 1654 scriptam
1871 1651 1896 1657 „,

302 1677 622 1726 narrationem,
657 1682 908 1732 posteaque
939 1677 1062 1724 illam
1089 1677 1288 1719 deletam
1315 1683 1361 1719 et
1388 1679 1434 1720 in
1463 1679 1557 1720 eius
1582 1678 1740 1725 sedem
1766 1679 1811 1723 d·
1831 1667 1912 1705 ⁷⁸³

302 1769 397 1797 rem
429 1756 561 1797 istam
595 1756 867 1798 atrociorem
901 1750 1228 1798 intricatiorem‘
1253 1757 1482 1808 insertam,
1509 1758 1590 1800 sed
1617 1758 1682 1800 ita
1708 1762 1759 1801 ut
1785 1770 1846 1815 q

302 1835 456 1877 statim
502 1841 752 1890 sequuntur
798 1835 1152 1891 haudquaquam
1201 1851 1303 1879 cum
1349 1851 1403 1880 ea
1450 1837 1754 1881 cohaereant.
1781 1833 1882 1886 N

303 1915 563 1965 narrationi,
584 1929 733 1970 quam
761 1915 879 1981 Hist.
908 1916 942 1966 I,
978 1928 1025 1970 13
1055 1916 1288 1967 habemus,
1316 1922 1424 1972 apte
1449 1917 1755 1961 adiiceretur.·
1773 1938 1817 1972 ,,

301 2000 434 2036 tenus
476 1995 599 2037 Nero
642 1994 822 2050 flagitiis
856 2001 902 2036 et
933 1995 1177 2038 sceleribus
1209 1996 1468 2039 velamenta
1499 1995 1790 2052 quaesivit”;
1807 2018 1827 2033 ··
1836 1979 1938 2074 F,

305 2075 576 2125 narratione,
610 2089 727 2129 quae
759 2089 879 2116 nunc
906 2075 966 2117 A.
995 2075 1124 2126 XIII,
1150 2076 1210 2129 46
1237 2076 1414 2131 legitur,
1442 2077 1603 2118 eadem
1629 2076 1774 2121 verba
1788 2090 1857 2140 03

301 2155 424 2209 iungi
452 2154 574 2196 nullo
603 2155 742 2196 modo
770 2161 972 2210 possunt.
999 2155 1210 2210 Apparet
1236 2170 1345 2210 ergo
1366 2155 1555 2198 alteram
1579 2157 1768 2199 narrati
1928 2151 1948 2181 s

303 2235 408 2289 quia
439 2240 569 2276 tanto
602 2235 780 2290 peiores
811 2235 1050 2276 exhiberet
1082 2235 1301 2285 homines,
1335 2235 1497 2277 Tacito
1528 2236 1645 2278 adeo
1677 2176 1840 2297 plat:NJ

301 2319 351 2355 ut
392 2313 455 2355 illi
495 2314 573 2355 vix
604 2315 814 2368 cognitae
846 2315 1000 2356 statim
1032 2316 1229 2369 priorem
1262 2315 1423 2357 cedere
1455 2315 1646 2366 iuberet,
1678 2315 1736 2359 de
1762 2315 1799 2362 h
1828 2320 1894 2383 ᾗῇ’

301 2394 441 2448 partis
481 2395 750 2436 oeconomia
782 2408 872 2436 non
905 2395 1122 2437 sollicitus
1153 2396 1233 2437 sed
1267 2396 1323 2438 de
1362 2383 1715 2451 „psychologia’'

300 2474 336 2514 si
369 2473 464 2514 fieri
497 2479 663 2528 potest,
697 2475 856 2515 minus.
1743 2467 1764 2471 Ἄ
1796 2503 1801 2507 -
1832 2494 1906 2538 ᾗ),

362 2552 442 2595 Sat
472 2554 635 2607 gravis,
664 2559 713 2595 ut
740 2555 915 2609 opinor,
943 2554 1017 2596 hic
1044 2568 1167 2597 error
1194 2560 1281 2605 est;
1311 2555 1566 2609 graviorem
1591 2541 1922 2619 notabosv⁴

301 2645 392 2672 non
411 2632 689 2686 singulorum
706 2633 955 2684 hominum,
973 2634 1053 2675 sed
1071 2639 1269 2675 totarum
1287 2634 1523 2676 civitatum
1546 2633 1783 2690 „psychoh
1802 2654 1841 2689 ·':
1956 2635 1958 2637 ’

299 2711 495 2753 ludibrio
538 2712 745 2754 habetur.
788 2712 847 2754 A.
890 2712 972 2763 VI,
1007 2724 1064 2766 42
1099 2714 1156 2754 de
1187 2713 1442 2764 Artaban0‚
1477 2713 1744 2756 Parthorum
1815 2770 1824 2773 F

299 2789 412 2831 haec
445 2797 704 2832 narrantur:
1819 2840 1826 2855 ζ

360 2869 570 2922 „Plebem
588 2871 859 2925 primoribus
875 2871 1064 2913 tradidit
1080 2885 1135 2913 ex
1150 2885 1227 2913 suo
1243 2885 1339 2913 usu.-
1357 2885 1463 2913 nam
1480 2871 1638 2926 populi
1653 2851 1910 2931 imperi>

301 2949 426 2990 iuxta
437 2948 708 3000 libertatem,
723 2964 969 3005 paucorum
979 2951 1231 2992 dominatio
1241 2951 1391 3005 regiae
1400 2950 1576 2993 libidini
1586 2951 1772 3006 propior
1787 2969 1823 2994 κ,
