2040 3412
927 263 1012 308 247

230 374 289 417 A.
325 374 431 424 XII,
464 374 535 427 64.
571 373 789 415 Portenta
820 379 867 416 et
900 373 987 416 alia
1019 373 1272 416 referuntur
1304 378 1351 415 et
1382 372 1492 414 hoc:

155 448 157 453 ¹
235 455 363 510 „Suis
394 454 512 497 fetus
545 454 707 505 editus,
741 455 812 496 cui
845 455 1113 510 accipitrum
1145 467 1318 508 ungues
1350 451 1593 495 inessent.”

225 535 273 580 Si
320 549 392 577 me
435 535 578 584 audis,
623 536 853 591 acczpz‘trz's
885 535 1022 590 leges.
1057 535 1133 577 An
1167 548 1258 576 non
1291 534 1400 576 satis
1431 533 1678 575 absurdum
1711 531 1774 573 vi-

168 618 302 661 detur
333 621 614 672 portentum,
649 616 732 657 nisi
765 621 844 657 aut
877 616 934 657 de
967 615 1170 670 pluribus
1202 614 1413 670 porcellis
1445 619 1662 663 narretur,
1696 618 1775 654 aut

169 698 227 740 de
260 710 352 739 uno
385 695 600 752 porcello,
635 696 714 750 qui
745 696 920 750 aliquot
953 695 1221 750 accipitrum
1253 694 1463 736 habuerit
1496 691 1694 748 ungues?

230 857 290 900 A.
325 857 431 908 XII,
462 857 534 899 66.
569 856 764 899 Veneno
798 856 855 898 de
883 847 1036 897 medio
1063 854 1223 897 tollere
1251 853 1490 897 Claudium
1518 853 1776 908 Agrippina

170 938 399 981 decernit:

219 1014 491 1080 ¹„Deligitur
523 1017 688 1059 artifex
719 1016 878 1058 talium
906 1015 1130 1058 vocabulo
1157 1016 1371 1065 Locusta,
1401 1029 1545 1070 nuper
1569 1014 1777 1057 veneficii

173 1100 391 1142 damnata
423 1103 470 1140 et
502 1098 580 1140 diu
613 1098 730 1139 inter
762 1098 1064 1139 instrumenta
1097 1097 1223 1150 regni
1257 1095 1456 1137 habita.”

232 1179 408 1222 Verum
450 1183 519 1220 est
566 1178 815 1219 Locustam
858 1176 962 1218 huic
993 1175 1151 1218 sceleri
1185 1176 1261 1218 diu
1295 1175 1429 1217 fuisse
1461 1175 1774 1230 superstitem:

174 1260 347 1303 Galbae
376 1259 498 1301 enim
526 1258 813 1313 imperatoris
840 1258 960 1299 iussu
989 1270 1160 1311 poenas
1178 1257 1320 1297 dedit.
1349 1255 1440 1298 Sed
1459 1256 1559 1310 quis
1577 1270 1777 1310 unquam

173 1340 351 1384 audivit
394 1339 616 1382 adverbio
656 1339 733 1381 diu
777 1352 880 1379 cum
912 1318 1154 1393 participio
1186 1337 1376 1392 perfecti
1409 1337 1563 1379 iuncto
1596 1342 1778 1391 tempus

171 1411 414 1464 venturu'm
449 1418 703 1474 designari?
730 1443 789 1449 -
818 1419 1000 1473 Ergone
1033 1417 1106 1459 hic
1139 1418 1435 1472 praeteritum
1467 1422 1649 1472 tempus
1680 1431 1778 1459 ver-

173 1502 244 1545 bis
290 1501 393 1556 „diu
436 1501 554 1542 inter
595 1501 898 1541 instrumenta
941 1499 1065 1553 regni
1108 1497 1294 1540 habita'’
1337 1496 1641 1552 significatur?
1676 1497 1779 1539 Hoc

174 1581 469 1638 pertinaciter
495 1593 637 1635 nego:
672 1587 813 1635 nuper
840 1579 962 1620 enim
990 1578 1198 1620 veneficii
1226 1578 1443 1619 damnata
1468 1583 1537 1619 est
1564 1578 1777 1627 Locusta,

174 1668 313 1717 atque
345 1662 446 1717 ipso
479 1661 679 1711 demum,
714 1666 763 1702 ut
796 1660 974 1715 opinor,
1005 1659 1172 1700 iudicio
1206 1659 1353 1713 patuit
1386 1672 1523 1713 quam
1557 1664 1676 1700 esset
1704 1672 1779 1700 ne-

176 1742 314 1785 fariae
356 1743 465 1784 artis
508 1741 654 1796 perita
696 1740 784 1782 illa.
829 1740 932 1781 Hoc
976 1726 1084 1794 ergo
1127 1744 1357 1780 narratum
1391 1752 1488 1780 esse
1519 1739 1722 1793 suspicor
1754 1752 1780 1780 a

175 1823 360 1866 Tacito:
390 1823 535 1877 ipsam
563 1821 907 1863 damnationem
935 1820 1055 1861 hunc
1082 1819 1292 1861 habuisse
1310 1819 1523 1860 effectum
1540 1824 1591 1860 ut
1607 1818 1780 1860 aulicae

174 1902 405 1945 veneficae
439 1915 601 1944 munus
635 1902 862 1943 Locustae
890 1901 1196 1942 mandaretur.
1230 1899 1379 1949 Certe,
1408 1899 1485 1940 ubi
1513 1899 1779 1940 damnatum

174 1983 372 2038 aliquem
413 1982 596 2037 capitali
629 1982 818 2023 crimine
851 1980 1055 2035 legimus,
1090 1979 1200 2034 quid
1234 1980 1401 2021 deinde
1434 1993 1489 2021 eo
1522 1979 1691 2020 factum
1724 1980 1782 2020 sit

175 2077 452 2119 cognoscere
482 2064 576 2105 iure
594 2068 750 2105 nostro
768 2063 1010 2118 poscimus.
1039 2061 1175 2115 Quod
1194 2061 1266 2102 hic
1285 2061 1579 2102 desideratur.
1609 2059 1781 2102 Ordine

174 2151 275 2187 tota
316 2144 536 2200 procedet
569 2143 783 2193 narratio,
815 2143 852 2183 si
885 2156 967 2197 pro
1000 2143 1077 2183 diu
1109 2141 1312 2196 legemus
1346 2141 1458 2190 inde,
1491 2139 1671 2182 aliudve
1704 2141 1781 2182 ad-

155 2206 384 2268 'verbium
417 2237 600 2266 causam
633 2223 948 2278 originemque
981 2221 1252 2276 significans.

239 2386 298 2428 A.
333 2385 460 2435 XIII,
503 2397 537 2426 1.
571 2384 696 2425 Inter
728 2396 885 2424 causas
913 2395 992 2423 cur
1019 2382 1150 2423 Iunio
1177 2379 1332 2423 Silano
1361 2394 1521 2422 necem
1550 2380 1784 2422 moliretur

179 2466 437 2521 Agrippina
470 2470 567 2506 erat
598 2469 645 2506 et

245 2547 430 2601 „crebra
472 2545 594 2599 vulgi
629 2544 749 2586 fama
780 2529 1156 2598 anteponendum
1190 2555 1287 2583 esse
1319 2541 1508 2582 vixdum
1542 2540 1783 2595 pueritiam

179 2627 360 2682 egresso
403 2626 575 2668 Neroni
610 2630 655 2666 et
688 2625 928 2679 imperium
961 2637 1042 2678 per
1074 2622 1218 2664 scelus
1250 2623 1421 2676 adepto
1456 2622 1601 2663 virum
1633 2627 1784 2663 aetate

181 2707 449 2762 composita,
496 2706 738 2754 insontem,
783 2702 998 2756 nobilem,
1043 2707 1089 2744 et
1131 2702 1256 2756 quod
1288 2707 1397 2742 tunc
1431 2706 1725 2756 spectaretur,
1759 2715 1784 2742 e

181 2788 385 2831 Caesaris
418 2784 658 2841 posteris.”

246 2869 415 2922 Ipsum,
459 2872 509 2908 ut
542 2866 718 2920 opinor,
752 2863 925 2917 vulgus,
959 2862 1083 2917 quod
1118 2861 1313 2903 Neronis
1345 2866 1553 2915 tempore
1586 2861 1786 2910 vivebat,

181 2948 295 2988 scire
328 2946 548 3001 nequibat
581 2944 826 2998 aliquando
859 2943 1058 2983 futurum
1091 2947 1284 2995 tempus,
1319 2955 1410 2995 quo
1438 2941 1483 2981 in
1512 2941 1786 2995 imperatore
