2040 3412
0 2351 15 2426 ἓ

0 2427 16 2576 5

0 2580 11 2633 Ξ

0 2776 14 2851 {1

0 2854 14 2984 ἓ

0 2987 15 3199 ἕ

0 3211 15 3254 t

0 3266 11 3340 Ξ

928 287 1008 330 119

163 390 354 434 Chattos
396 406 538 446 usque
581 394 826 436 sinuetur”.
873 395 1000 450 Quae
1045 408 1322 453 quamquam
1366 405 1411 441 et
1454 400 1550 455 ipsa
1583 413 1766 442 omnem

157 471 356 514 ludibrio
390 472 562 514 habent
594 475 937 530 geographiam,
971 483 1125 520 tamen
1160 480 1327 521 diserte
1360 479 1593 522 declarant
1621 480 1766 522 Chau-

158 564 314 593 corum
347 552 545 607 regionis
577 546 747 595 nullam
786 555 920 597 fuisse
955 563 1132 611 partem
1166 560 1285 601 unde
1319 560 1449 601 unius
1482 561 1571 602 diei
1605 561 1766 602 itinere

158 631 216 675 ad
251 631 397 675 Ubios
432 632 504 687 (ne
539 633 596 674 de
631 633 879 677 Veteribus
912 636 1087 693 loquar)
1122 641 1348 693 perveniri
1382 646 1550 695 posset.

218 710 278 753 A.
313 712 347 762 Ι,
379 723 452 765 42.
497 713 593 755 Iam
638 716 795 757 taedet
841 716 1162 761 Germanicum
1206 720 1481 762 tumultuum
1521 727 1566 763 et
1598 721 1766 763 discor-

160 792 351 843 diarum,
395 793 485 835 iam
530 795 575 835 in
619 808 674 836 eo
717 802 784 837 est
819 803 867 838 ut
899 799 1140 840 seditiosos
1175 800 1339 842 milites
1372 801 1597 856 relinquat
1630 808 1676 843 et
1706 802 1764 843 ad

160 873 439 928 superiorem
473 874 784 928 proficiscatur
817 878 1090 929 exercitum;
1132 886 1255 922 certe
1288 882 1416 922 uxori
1451 887 1500 923 ut
1532 896 1586 923 eo
1619 882 1765 923 abiret

161 954 397 1008 persuasit,
431 954 613 1010 iamque
651 956 920 1009 „incedebat
950 959 1169 1001 muliebre
1197 961 1526 1003 et'miserabile
1544 961 1762 1016 agmen”:

160 1048 215 1077 ea
254 1048 326 1076 res
358 1034 525 1077 milites
557 1035 854 1078 vehementer
895 1045 1169 1089 commovet,
1204 1040 1346 1094 fitque
1380 1041 1652 1083 Germanico
1686 1055 1764 1082 eos

150 1114 420 1171 alloquendi
465 1117 612 1171 copia.
656 1117 707 1158 In
748 1131 838 1172 qua
871 1120 1076 1161 oratione
1110 1126 1155 1161 et
1187 1121 1274 1163 alia
1306 1121 1518 1176 leguntur
1549 1128 1594 1163 et
1627 1121 1762 1164 haec:

161 1195 325 1250 „Hunc
357 1209 444 1250 ego
484 1198 694 1238 nuntium
728 1199 859 1252 patri,
893 1198 1013 1240 laeta
1047 1200 1202 1241 omnia·
1231 1201 1318 1242 alia
1351 1215 1375 1242 e
1409 1202 1655 1256 provinciis
1688 1216 1763 1244 au-

157 1275 314 1326 dienti,
357 1275 526 1317 feram?
570 1277 710 1331 ipsius
743 1278 926 1328 tirones,
962 1280 1101 1333 ipsius
1135 1286 1375 1322 veteranos
1409 1295 1499 1322 non
1535 1283 1761 1332 missione,

157 1369 249 1398 non
293 1357 486 1411 pecunia
527 1357 739 1408 satiatos;
784 1358 855 1400 hic
896 1365 1074 1401 tantum
1116 1361 1309 1402 interfici
1342 1362 1644 1412 centuriones,
1678 1363 1762 1404 eici

156 1436 378 1487 tribunos,
424 1437 594 1479 includi
642 1438 830 1492 legatos,
880 1440 1049 1481 infecta
1095 1442 1313 1495 sanguine
1358 1448 1517 1492 castra,
1563 1443 1761 1494 flumina,

159 1530 324 1572 meque
366 1519 618 1572 precariam
660 1519 860 1561 animam
904 1520 1021 1562 inter
1061 1521 1260 1563 infensos
1292 1523 1484 1564 trahere.
1520 1523 1608 1565 Cur
1641 1525 1761 1565 enim

159 1598 307 1653 primo
349 1599 575 1640 contionis
608 1600 682 1641 die
716 1599 881 1642 ferrum
915 1601 1039 1652 illud,
1074 1603 1197 1656 quod
1232 1604 1406 1657 pectori
1441 1618 1542 1645 meo
1576 1604 1762 1658 infigere

160 1679 392 1734 parabam,
413 1663 702 1730 ’detraxistis
738 1694 764 1721 o
798 1681 1052 1735 improvidi,
1077 1683 1209 1723 amici
1224 1682 1267 1724 ?’'

219 1759 393 1803 Ultima
421 1760 534 1802 haec
563 1775 778 1815 quorsum
806 1767 1015 1817 spectent
1044 1763 1187 1817 probe
1212 1765 1433 1806 novimus.
1458 1765 1619 1820 Capite
1642 1766 1763 1806 enim

158 1850 208 1895 35
255 1840 460 1895 legimus,
505 1842 581 1883 ubi
625 1843 821 1896 primum
864 1849 1010 1885 castra
1048 1844 1295 1886 introiisset
1329 1845 1636 1895 Germanicus,
1671 1860 1763 1887 non

154 1921 300 1963 solum
345 1922 401 1964 de
446 1906 637 1964 miseriis
679 1924 769 1964 suis
814 1925 871 1965 ad
909 1938 1012 1965 eum
1048 1931 1323 1979 conquestos
1355 1939 1451 1967 esse
1486 1926 1650 1967 milites
1682 1927 1761 1967 sed

155 2002 294 2043 etiam
326 2002 410 2056 ipsi
444 2003 662 2044 obtulisse
697 2004 957 2058 imperium:
997 2010 1119 2057 „tum
1154 2019 1262 2046 vero
1295 2007 1421 2059 quasi
1454 2006 1623 2048 scelere
1656 2021 1762 2048 con-

134 2073 464 2133 taminaretur,
509 2098 728 2139 praeceps
772 2085 984 2126 tribunali
1028 2085 1223 2126 desiluit.
1268 2086 1537 2140 Opposuere
1576 2088 1761 2128 abeunti

154 2177 293 2214 arma,
337 2164 612 2214 minitantes,
648 2165 693 2205 ni
726 2166 1055 2219 regrederetur.
1090 2165 1156 2207 At
1190 2166 1262 2206 ille
1297 2167 1562 2208 moriturum
1597 2168 1761 2221 potius,

154 2258 292 2298 quam
317 2243 456 2286 fidem
481 2250 669 2286 exueret
693 2245 930 2286 clamitans
955 2245 1122 2286 ferrum
1147 2260 1173 2286 a
1194 2245 1334 2287 latere
1353 2247 1552 2301 diripuit,
1572 2246 1760 2288 elatum-

155 2338 243 2379 que
291 2324 526 2367 deferebat
574 2326 618 2367 in
663 2332 836 2380 pectus,
881 2326 925 2367 ni
970 2326 1165 2380 proximi
1210 2340 1419 2380 prensam
1463 2328 1671 2368 dextram
1715 2328 1758 2368 vi

154 2404 487 2447 attinuissent’‘.

216 2485 278 2527 Et
319 2491 473 2527 tamen
521 2485 835 2527 Germanicum
870 2486 1018 2526 verbis
1057 2486 1228 2540 „primo
1261 2487 1486 2527 contionis
1520 2487 1623 2528 die⁹⁹
1657 2501 1759 2528 cum

156 2580 284 2607 usum
317 2580 414 2607 esse
448 2566 653 2621 legimus,
687 2566 985 2607 subridemus.
1021 2566 1125 2606 Non
1160 2566 1280 2606 enim
1310 2567 1475 2607 decent
1502 2567 1586 2607 ista
1615 2567 1759 2608 virum

155 2646 395 2688 militarem
451 2646 644 2688 militum
698 2647 1017 2688 seditiosorum
1069 2645 1325 2700 placantem
1374 2647 1563 2688 animos.
1612 2646 1760 2701 Quem

154 2727 348 2769 deceant
388 2726 594 2781 quaeris?
628 2726 870 2769 Oratorem
904 2727 961 2766 de
995 2726 1231 2767 discordiis
1264 2726 1493 2781 legionum
1529 2727 1761 2769 Germani-

154 2821 308 2848 carum
357 2806 550 2848 facunde
599 2812 645 2848 et
695 2821 753 2848 ex
800 2806 908 2847 artis
951 2806 1206 2860 praeceptis
1250 2812 1520 2856 narrantem,
1565 2808 1762 2861 ideoque

152 2887 409 2942 legentibus
441 2888 683 2941 diligenter
715 2888 759 2928 in
795 2886 1062 2927 memoriam
1090 2892 1382 2927 revocantem
1410 2901 1526 2941 quae
1555 2888 1643 2928 iam
1673 2888 1763 2929 sint

157 2968 387 3008 orationes
420 2967 604 3008 habitae
639 3000 648 3008 .
670 2999 679 3007 .
700 2999 709 3007 .
729 2999 738 3007 .
772 2972 976 3020 quotque
1010 2965 1264 3019 quibusque
1300 2967 1461 3008 modis.
