2040 3412
1091 305 1171 359 196

391 420 447 461 A.
483 421 538 469 ΙΙ,
577 422 630 462 28
665 421 752 475 (De
786 435 920 463 causa
954 423 1087 464 Drusi
1120 424 1310 465 Libonis
1342 425 1528 479 agitur):
1978 479 1988 486 τ

395 499 609 552 „Celebre
639 501 754 542 inter
782 508 1067 544 accusatores
1093 504 1272 545 Tironis
1288 505 1518 558 ingenium
1537 510 1633 546 erat
1649 506 1924 561 avidumque

330 578 476 619 famae
510 578 699 620 malae.’'

391 659 574 708 Probus,
608 659 728 700 haud
763 660 913 710 dubie,
947 661 1085 703 homo
1119 661 1200 703 fuit
1229 668 1274 703 et
1301 663 1676 706 calumniatorum
1704 665 1924 719 inimicus,

331 739 406 792 qui
435 739 553 780 istud
582 740 727 781 malae
754 740 798 781 in
829 742 1030 795 margine
1058 742 1369 796 adscripserit;
1389 744 1468 783 sed
1487 743 1595 784 boni
1613 744 1925 799 elegantisque

327 819 548 859 sermonis
580 825 786 861 naturam
820 821 1072 874 ignorabat,
1105 822 1181 875 qui
1215 822 1385 876 putarit
1417 836 1616 877 unquam
1648 837 1924 879 quemquam

330 904 450 939 recte
485 899 573 939 dici
607 913 739 953 posse
771 901 954 945 avidum
987 901 1131 942 malae
1162 901 1320 950 famae.

391 978 448 1018 A.
483 978 539 1027 II,
577 990 632 1032 30
663 979 752 1033 (Ex
785 981 945 1021 eadem
979 981 1277 1035 narratione):

395 1058 630 1112 „Negante
665 1073 755 1109 reo,
783 1061 1116 1114 adgnoscentes
1144 1074 1298 1102 servos
1317 1075 1396 1115 per
1413 1066 1641 1103 tormenta
1659 1063 1924 1118 interrogari

330 1137 522 1191 placuit:
552 1144 597 1179 et
616 1139 721 1193 quia
739 1145 892 1181 vetere
909 1141 1301 1182 senatusconsulto
1319 1141 1524 1195 quaestio
1542 1142 1586 1183 in
1604 1147 1741 1197 caput
1758 1142 1931 1202 domini
1973 1202 1974 1205 Ἴ
2002 1134 2024 1190 j}

331 1217 671 1271 prohibebatur,
698 1219 886 1261 callidus
912 1226 958 1261 et
982 1221 1087 1261 novi
1114 1221 1219 1261 iuris
1236 1226 1440 1275 repertor
1455 1221 1664 1263 Tiberius
1681 1222 1930 1278 mancipari

330 1297 531 1350 singulos
563 1299 705 1339 actori
739 1299 922 1353 publico
956 1299 1126 1341 iubet.”

391 1375 569 1418 Satisne
612 1379 899 1432 perspicuum
942 1379 1113 1420 Tiberii
1157 1380 1392 1421 consilium
1434 1379 1557 1422 hisee
1590 1380 1641 1422 fit
1673 1381 1837 1432 verbis,
1869 1394 1928 1424 an

331 1462 542 1510 putemus
569 1458 716 1511 ipsum
746 1458 954 1499 Tacitum
973 1459 1211 1513 magistelli
1229 1473 1437 1501 sermone
1454 1460 1516 1501 sic
1534 1460 1643 1502 illud
1661 1460 1926 1504 illustrasse:
1950 1448 1953 1450 ’

336 1535 532 1588 „scilicet
560 1542 607 1577 ut
635 1537 679 1578 in
710 1538 934 1579 Libonem
963 1553 1020 1580 ex
1047 1540 1186 1580 servis
1214 1539 1339 1581 salvo
1367 1546 1550 1582 senatus
1566 1541 1773 1583 consulto
1790 1551 1928 1597 quae-

331 1614 560 1656 reretur”?
586 1617 741 1658 Verba
766 1618 855 1658 iam
880 1632 906 1659 a
933 1618 1157 1660 Mendoza
1176 1621 1428 1674 proscripta
1446 1621 1582 1662 etiam
1601 1621 1659 1663 ab
1676 1620 1928 1664 editoribus

331 1696 549 1737 vindicari
582 1696 743 1738 Tacito
777 1703 844 1738 est
878 1700 1000 1752 quod
1035 1699 1334 1754 indignemur.

391 1775 448 1825 II,
484 1785 551 1828 54.
586 1776 719 1818 Clarii
753 1777 981 1832 Apollinis
1014 1779 1245 1820 oraculum
1279 1781 1374 1821 adit
1408 1780 1725 1823 Germanicus:

396 1862 466 1908 „et
499 1856 754 1898 ferebatur'’
788 1858 863 1912 (se.
897 1859 1109 1900 sacerdos
1141 1860 1229 1914 dei)
1269 1860 1565 1913 „Germanico
1599 1875 1680 1915 per
1710 1861 1926 1917 ambages

332 1941 555 1976 maturum
589 1937 761 1978 exitum
795 1938 1054 1979 cecinisse.”

390 2015 466 2055 Ad
501 2023 588 2070 per
630 2017 837 2072 ambages
878 2019 1116 2060 annotavit
1156 2018 1317 2072 aliquis
1359 2027 1409 2062 ut
1448 2034 1540 2062 mos
1569 2020 1776 2071 oraculis,
1809 2034 1925 2076 quae

332 2096 470 2136 verba
504 2110 623 2138 nunc
655 2097 802 2138 Taciti
836 2098 1171 2145 commaculant
1202 2113 1472 2140 sermonem.

391 2176 470 2225 III,
502 2187 541 2217 2.
571 2176 987 2231 Appropinquante
1014 2177 1272 2232 Agrippina
1299 2191 1400 2218 cum
1425 2178 1681 2220 Germanici
1699 2179 1926 2222 cineribus
1953 2181 1955 2183 ’

332 2254 501 2305 Italiae,
537 2256 708 2297 Drusus
740 2257 909 2298 Tiberii
942 2257 1082 2299 filius:

391 2335 706 2387 „Tarracinam
750 2350 1012 2390 progressus
1054 2342 1122 2378 est
1155 2350 1258 2378 cum
1292 2337 1490 2397 Claudio·
1514 2338 1648 2379 fratre
1679 2337 1924 2394 liberisque

326 2414 629 2456 Germanici.”
1752 2411 1765 2419 ’

383 2494 494 2548 Quis
521 2496 582 2536 rei
611 2496 790 2549 ignarus
818 2510 908 2538 non
937 2502 1067 2550 putet
1097 2497 1242 2538 Drusi
1257 2497 1329 2538 hie
1347 2497 1530 2541 fratrem
1548 2498 1636 2539 dici
1655 2497 1921 2541 Claudium?

323 2573 434 2627 Quis
463 2588 553 2615 non
582 2576 720 2616 sentit
747 2576 819 2616 hic
846 2582 924 2617 aut
951 2577 1035 2630 ipsi
1066 2577 1243 2617 veritati
1272 2582 1350 2617 aut
1367 2578 1587 2618 sermonis
1603 2577 1780 2631 legibus
1794 2590 1924 2633 aper·

323 2655 493 2695 tissime
537 2656 629 2696 vim
671 2655 794 2696 fieri?
843 2656 919 2697 An
962 2657 1199 2697 credamus
1231 2656 1356 2697 salva
1387 2656 1613 2698 latinitate
1646 2671 1753 2711 pro:
1793 2670 1922 2710 „cum
1967 2682 1980 2701 'j

324 2734 580 2775 Germanici
613 2734 765 2775 liberis
797 2741 843 2776 et
875 2735 1009 2776 fratre
1043 2734 1263 2777 Claudio'’
1293 2735 1380 2776 dici
1410 2749 1542 2789 posse
1574 2749 1701 2788 „cum
1730 2735 1920 2778 Claudio

323 2813 457 2854 fratre
498 2813 740 2866 liberisque
775 2813 1088 2856 Germanici”?
1138 2815 1297 2863 Immo,
1332 2814 1518 2855 Tacitus
1549 2814 1751 2868 scripsit:
1790 2827 1919 2867 „cum

324 2892 458 2932 fratre
501 2892 743 2945 liberisque
786 2893 1085 2942 Germanici'’,
1131 2894 1210 2934 sed
1246 2894 1289 2933 in
1325 2893 1525 2946 margine
1558 2894 1718 2947 aliquis
1750 2906 1920 2945 nomen,

325 2971 471 3011 fratris
504 2972 696 3011 addidit.
1678 2960 1694 2969 ·
1986 2961 1992 2972 ‘
