2040 3412
1086 295 1172 347 236

388 411 445 452 H.
481 412 536 460 11,·
572 411 642 452 68.
692 412 743 452 In
783 412 985 454 exercitu
1025 413 1197 456 Vitellii
1236 429 1260 456 e
1293 412 1390 457 rixa
1422 416 1654 470 legionarii
1688 417 1841 460 militis
1873 411 1920 460 et

331 491 446 533 Galli
480 492 638 546 ingens
671 492 892 534 tumultus
924 494 1178 548 caedesque
1211 496 1431 538 nascitur:

392 572 691 625 „Remedium
729 572 948 614 tumultus
982 573 1064 615 fuit
1097 574 1208 615 alius
1241 575 1472 617 tumultus.
1506 575 1656 618 Pulvis
1689 577 1845 631 procul
1877 583 1923 620 et
1949 587 1961 633 ᾗ
1985 556 2010 612 ιΓ

328 665 452 693 arma
485 652 843 706 aspiciebantur:
878 653 1211 696 conclamatum
1248 652 1434 710 repente
1463 661 1672 710 quartam
1699 652 1924 700 decimam
1987 668 1994 684 ·'

324 731 552 785 legionem
589 745 720 773 verso
753 733 913 774 itinere
942 734 999 774 ad
1028 735 1250 788 proelium
1278 736 1454 786 venire;
1482 736 1560 778 sed
1587 741 1715 778 erant
1732 737 1925 816 agminis
1992 763 1998 782 ,-

326 816 585 853 coactores:
619 812 760 866 agniti
794 813 1033 867 dempsere
1065 814 1462 856 sollicitudinem?

386 891 549 932 Dicere
592 906 683 933 non
726 906 910 946 possum
953 907 1090 947 quam
1129 895 1305 948 ingrata
1338 894 1447 936 mihi
1480 895 1669 937 accedat
1701 896 1759 938 ad
1790 909 1921 939 aures

325 971 455 1012 huius
491 971 578 1013 loci
622 973 790 1023 oratio;
835 972 1027 1014 elumbis
1069 957 1260 1024 videtur,
1306 975 1531 1030 languida,
1561 974 1755 1030 puerilis.
1789 976 1919 1019 Prae-

324 1052 479 1093 sertim
513 1051 645 1093 colon
678 1052 798 1093 istud
831 1053 911 1094 sed
937 1062 1069 1096 erant
1098 1056 1293 1110 agminis
1323 1064 1540 1098 coactores
1571 1056 1770 1098 ieiunum
1797 1053 1917 1111 frigi-

324 1133 524 1186 dumque
553 1137 644 1182 est;
673 1130 752 1174 sed
782 1133 968 1174 omnino
998 1134 1293 1176 vehementer
1315 1135 1524 1190 displicet
1542 1136 1587 1177 in
1605 1136 1697 1177 duo
1714 1134 1920 1177 membra

324 1212 543 1253 distracta
589 1212 948 1266 simplicissimae
996 1214 1058 1254 rei
1107 1214 1318 1255 narratio,
1363 1214 1454 1256 Vin
1498 1215 1541 1257 in
1584 1228 1723 1257 unum
1757 1227 1921 1277 corpus

323 1292 517 1333 solidum
559 1298 696 1347 atque
744 1293 978 1335 robustum
1022 1299 1185 1335 cuncta
1227 1293 1406 1349 colligi?
1442 1295 1622 1336 Mecum
1654 1295 1777 1350 lege:
1815 1294 1920 1349 „se'd

322 1373 514 1427 agminis
547 1379 781 1415 coactores
812 1374 955 1428 agniti
989 1375 1227 1429 dempsere
1260 1374 1656 1417 sollicitudinem.'’

382 1452 525 1494 Simili
570 1453 730 1494 morbo
774 1453 950 1495 laborat
981 1453 1107 1495 locus
1142 1454 1198 1495 H.
1234 1454 1314 1505 ΙΙΙ,
1350 1464 1419 1508 25.
1453 1455 1688 1497 Praecedit
1720 1455 1919 1498 narratio

322 1532 379 1573 de
408 1538 536 1586 patre
565 1546 591 1574 a
618 1532 710 1574 filio
739 1534 783 1574 in
811 1547 964 1588 pugna
992 1533 1287 1575 Cremonensi
1317 1534 1557 1576 interfecto
1579 1535 1728 1589 deque
1743 1534 1919 1577 acerbis
1983 1538 1991 1555 ³

319 1612 396 1653 filii
430 1618 533 1666 post
564 1613 766 1667 agnitum
801 1612 972 1654 facinus
1004 1613 1260 1667 questibus:
1829 1615 1832 1619 '
1880 1616 1883 1620 '

383 1692 665 1745 „Advertere
707 1693 917 1746 proximi,
961 1693 1065 1734 dein
1098 1693 1281 1747 plures&
1305 1693 1408 1734 hinc
1442 1695 1737 1748 peromnem
1769 1694 1912 1736 aciem

321 1772 584 1813 miraculum
629 1778 674 1814 et
707 1778 892 1826 questus
923 1778 969 1814 et
1001 1773 1250 1814 saevissimi
1283 1773 1387 1814 belli
1421 1774 1685 1816 exsecratio.
1729 1774 1827 1817 Nec
1859 1775 1916 1817 eo

319 1853 500 1906 segnius
533 1853 813 1907 propinquos
844 1853 1007 1894 adfinis
1040 1853 1199 1894 fratres
1231 1854 1460 1895 trucidant
1493 1854 1712 1909 spoliant3
1744 1854 1914 1897 factum

316 1946 415 1974 esse
447 1932 592 1974 scelus
624 1933 869 1987 loquuntur
900 1933 1206 1987 faciuntque”.
1904 1936 1908 1940 ⁴

377 2012 609 2067 Quantum
637 2013 786 2067 potuit
814 2012 958 2054 scelus
985 2013 1058 2054 hic
1085 2014 1181 2068 ipse
1209 2014 1435 2055 commisit
1463 2013 1650 2056 sciolus:
1669 2013 1914 2057 trucidavit

318 2094 437 2135 enim
482 2089 736 2135 orationem
769 2093 1018 2135 Taciteam.
1054 2093 1143 2136 Sed
1178 2093 1287 2134 nihil
1320 2093 1492 2135 facilius
1524 2093 1661 2148 quam
1693 2094 1738 2136 in
1771 2093 1912 2136 vitam

317 2187 416 2214 eam
445 2187 682 2223 revocare;
711 2174 1016 2215 abiiciendum
1045 2179 1114 2215 est
1141 2187 1276 2223 onus,
1296 2187 1387 2228 quo
1405 2175 1698 2228 opprimitur:
1722 2206 1758 2228 „.
1771 2175 1913 2216 ..tru-

316 2254 470 2295 cidant
497 2253 716 2308 spoliant:
750 2254 888 2296 scelus
914 2254 1153 2308 loquuntur
1171 2253 1478 2309 faciuntque-’2
1513 2254 1631 2311 Hoc,
1657 2259 1708 2296 ut
1735 2255 1910 2338 opinor,

316 2334 553 2375 Taciteum
587 2339 668 2375 est.

377 2414 435 2455 H.
471 2414 551 2463 III,
590 2427 656 2469 39.
701 2414 870 2455 Acrem
914 2414 958 2455 in
1003 2415 1179 2455 Iunium
1214 2414 1421 2455 Blaesum
1453 2414 1653 2468 concipit
1685 2414 1796 2476 iram
1829 2414 1910 2457 Vi·
1971 2391 2007 2473 [ᾗ

314 2493 463 2534 tellius
505 2494 765 2547 imperator,
806 2507 942 2547 quam
974 2494 1027 2535 L.
1062 2493 1272 2535 Vitellius
1305 2494 1692 2540 criminationibus
1723 2494 1915 2536 suisin*

315 2574 490 2622 cendit;
524 2573 734 2615 tandem:

378 2653 649 2707 „trepidanti
678 2654 795 2694 inter
820 2653 965 2694 scelus
994 2658 1269 2706 metumque,
1299 2666 1354 2694 ne
1383 2652 1523 2694 dilata
1548 2666 1668 2694 mors
1685 2657 1907 2705 maturam
2007 2651 2013 2659 ³

314 2733 573 2786 perniciem,
603 2732 752 2787 palam
780 2734 897 2773 iussa
923 2738 1124 2774 atrocem
1142 2733 1360 2774 invidiam
1378 2733 1526 2782 ferret,
1545 2732 1715 2787 placuit
1732 2746 1908 2776 veneno

312 2812 516 2865 grassari.
535 2812 733 2853 Addidit
751 2812 936 2853 facinori
955 2813 1092 2853 fidem
1112 2813 1251 2854 nobili
1269 2813 1448 2867 gaudio,
1469 2812 1676 2854 Blaesum
1695 2813 1907 2863 visendo;

313 2891 420 2944 quin
449 2897 495 2931 et
524 2893 679 2932 audita
701 2898 769 2933 est
785 2893 1047 2934 saevissima
1069 2892 1242 2933 Vitellii
1261 2906 1364 2942 vox,
1387 2905 1476 2946 qua
1493 2906 1540 2933 se
1558 2893 1734 2947 pavisse
1752 2891 1907 2934 oculos

312 2975 517 3023 spectata
550 2971 717 3011 inimici
751 2977 897 3012 morte
932 2971 1162 3012 iactavit.'’
