2040 3412
893 298 951 345 47

116 400 286 461 'finon
317 408 414 452 sine
441 414 710 464 contemptu
740 414 787 451 et
815 410 1058 461 derisione,
1086 415 1136 452 ut
1163 411 1339 466 opinor,
1369 411 1464 453 dux
1489 411 1563 454 ille
1591 413 1724 455 nimis

135 472 327 551 sffdus,
359 489 437 545 qui
469 489 724 532 identidem
756 490 802 532 in
834 503 984 545 genua
1015 491 1288 546 procumbit,
1320 492 1447 534 humi
1462 493 1727 549 plerumque

322 570 502 613 dicitur.
535 569 638 611 Hoc
670 570 793 612 enim
826 570 910 612 nisi
943 570 1129 613 Tacitus
1160 571 1318 622 voluit,
1351 574 1585 650 quomodo
1612 574 1722 616 illud

135 630 198 667 ᾗ
211 664 378 706 .mque
406 655 476 693 est
506 648 856 705 accipiendum?
1124 698 1130 703 ,

216 735 307 787 pte
338 729 532 772 conferri
563 734 718 784 potest
749 730 874 784 quod
907 742 945 771 e.
978 730 1034 783 63
1068 730 1272 772 eiusdem
1304 731 1407 773 libri
1438 732 1623 788 legitur:

141 866 150 873 ἦ
174 792 175 795 ¹
201 809 317 855 ¹Non
344 811 537 852 omisere
563 823 646 865 per
673 823 752 851 eos
779 809 876 851 dies
904 809 1079 851 Primus
1105 823 1158 851 ac
1187 810 1336 852 Varus
1362 812 1532 854 crebris
1555 814 1724 855 nuntiis

247 904 315 937 m
355 876 403 932 et
445 889 686 945 pecuniam
730 894 777 930 et
808 894 984 931 secreta
1016 889 1293 945 Campaniae
1326 891 1486 934 offerre
1521 893 1722 945 Vitellio,

191 971 352 1028 positis
382 970 519 1013 armis
543 983 684 1024 seque
711 982 764 1011 ac
791 969 960 1011 liberos
985 983 1090 1012 suos
1118 970 1403 1026 Vespasiano
1430 973 1721 1027 permisisset.

198 1040 407 1095 {eundem
440 1051 627 1093 modum
660 1056 706 1092 et
740 1050 977 1091 Mucianus
1009 1037 1267 1111 composuit
1294 1052 1529 1106 epistulas3
1559 1054 1723 1109 quibus

221 1145 390 1187 umque
422 1131 562 1173 fidere
596 1130 809 1174 Vitellius
840 1144 894 1172 ac
921 1130 979 1172 de
1007 1144 1196 1172 numero
1222 1145 1470 1183 servorum,
1499 1132 1722 1176 electione

91 1220 307 1271 'strum
337 1210 507 1267 loqui”.

180 1290 362 1339 Nostris
393 1292 471 1334 hic.
494 1291 636 1334 oculis
662 1291 872 1333 videmus
899 1284 1150 1342 Vitellium,
1178 1291 1410 1334 hominem
1437 1293 1652 1348 ignavum
1677 1301 1724 1337 et

199 1372 410 1418 [cratoris
451 1372 636 1414 nomine
679 1385 817 1426 quam
860 1371 1223 1435 indignissimum
1265 1372 1420 1427 (talem
1463 1380 1586 1428 certe
1619 1389 1723 1416 eum

194 1452 380 1499 entibus
411 1452 555 1495 videri
583 1452 710 1507 cupit
736 1451 951 1506 Tacitus),
979 1452 1113 1493 anxie
1141 1452 1251 1506 quid
1278 1458 1385 1507 agat
1411 1460 1722 1507 quaerentem,

211 1546 333 1576 nunc
374 1532 478 1583 huc,
519 1545 640 1574 nunc
682 1531 787 1573 illuc
831 1537 1177 1574 convertentem
1218 1538 1433 1583 mentem,
1466 1534 1546 1575 sed
1577 1535 1642 1575 ita
1674 1540 1723 1576 ut

70 1597 322 1671 §maxime
346 1619 501 1656 tamen
528 1612 760 1668 promissis
786 1612 968 1667 quietae
990 1612 1232 1666 lautaeque
1251 1613 1371 1654 vitae
1388 1612 1621 1655 alliciatur.
1641 1614 1723 1656 Illa

60 1683 66 1688 ’
135 1716 144 1728 ⁹
182 1695 277 1739 vidi
307 1694 504 1737 hominis
534 1693 783 1749 trepidatio
817 1676 1016 1734 maxime
1049 1691 1126 1734 illo
1149 1692 1413 1747 plerumque
1445 1694 1719 1748 depingitur.
