2040 3412
1115 303 1200 347 274

417 412 577 452 Parum
619 416 797 465 gratum
839 416 907 452 est
950 412 1192 453 verborum
1234 413 1279 454 z’n
1306 413 1524 467 gaudium
1558 414 1697 456 evicta
1729 412 2003 474 &apamen-„2-

354 491 565 532 Tacitum
609 491 787 532 dedisse
829 491 992 545 opinor
1032 500 1188 543 evecta,
1231 493 1354 546 quod
1398 492 1491 534 fere
1533 493 1656 535 idem
1699 499 1768 535 est
1809 500 1949 549 atque

356 571 487 613 elata.

418 732 476 773 H.
507 732 564 781 ΙΙ,
592 741 663 786 70.
693 730 846 773 Oculis
875 731 1115 786 perlustrat
1134 732 1345 774 Vitellius
1363 746 1573 787 campum
1593 732 1954 784 Bedriacensem,

357 812 435 854 ubi
475 817 581 854 ante
625 812 926 866 quadraginta
967 812 1064 854 dies
1105 812 1304 854 terribile
1343 812 1452 854 illud
1485 812 1631 854 fuerat
1662 813 1954 874 cqmmissum

359 891 591 947 praelium.
637 891 785 945 Quam
829 892 975 933 dirum
1008 897 1054 933 et
1085 897 1218 957 atrox
1250 891 1322 933 ille
1355 897 1452 933 tum
1485 892 1744 947 praebuerit
1775 898 1955 948 specta·
2003 883 2032 947 J

360 971 510 1012 culum
541 971 734 1012 facunde
767 972 1049 1012 describitur.
1084 970 1320 1026 Sequitur:

424 1052 547 1105 „Nec
581 1053 727 1093 minus
760 1053 1006 1094 inhumana
1038 1066 1140 1107 pars
1167 1053 1279 1102 viae,
1308 1066 1445 1106 quam
1473 1053 1801 1096 Cremonenses
1827 1053 1954 1096 lauru

359 1145 551 1185 rosaque
584 1138 938 1182 constraverant,
974 1132 1214 1173 exstructis
1246 1132 1460 1174 altaribus
1493 1133 1726 1188 caesisque
1758 1133 1956 1177 victimis
2020 1156 2036 1171 ε

361 1212 534 1266 regium
568 1212 611 1253 in
646 1211 865 1254 morem.”

421 1291 637 1345 Aliquam
681 1292 800 1333 viam
843 1291 914 1333 vel
952 1291 1051 1333 viae
1084 1297 1259 1347 partem
1293 1292 1437 1346 ipsam
1470 1291 1759 1334 inhumanam
1793 1304 1958 1334 vocare

362 1371 733 1414 absurdissimum
766 1372 959 1422 videtur,
993 1385 1140 1426 neque
1173 1372 1359 1413 omnino
1391 1371 1463 1412 hic
1496 1372 1553 1413 de
1587 1371 1676 1414 ulla
1695 1379 1832 1427 parte
1858 1372 1959 1415 viae

362 1466 510 1493 sermo
554 1466 650 1494 esse
694 1458 860 1506 potest,
904 1452 1128 1506 siquidem
1171 1453 1216 1493 in
1249 1451 1627 1506 praecedentibus
1659 1465 1751 1493 non
1783 1451 1842 1494 de
1873 1451 1963 1495 alia
2023 1450 2031 1486 ’ἒ

364 1535 561 1587 quadam
594 1534 694 1575 viae
726 1539 855 1588 parte
888 1534 1035 1588 agitur
1067 1533 1146 1574 sed
1181 1533 1238 1573 de
1270 1546 1434 1587 campo
1467 1532 1630 1574 vicino.
1668 1531 1960 1588 Quapropter
2022 1515 2040 1592 '¹¹3

362 1614 674 1655 lubentissime
716 1614 972 1669 Leopoldio
1017 1628 1119 1655 meo
1161 1614 1382 1665 assentior
1424 1618 1568 1662 acute,
1612 1618 1662 1655 ut
1703 1612 1832 1663 solet,
1875 1626 1960 1668 pro

357 1702 473 1750 pars
506 1695 779 1749 proponenti
811 1695 982 1750 species.
1017 1695 1121 1735 Non
1155 1694 1302 1735 minus
1335 1707 1471 1748 quam
1505 1693 1654 1748 campi
1687 1693 1804 1735 illius
1837 1693 1958 1736 foedi

363 1775 619 1828 atrocisque
651 1774 897 1816 inhumana
929 1780 1026 1815 erat
1057 1774 1156 1816 viae
1184 1774 1356 1828 species,
1390 1787 1527 1828 quam
1559 1774 1605 1815 in
1632 1773 1852 1816 honorem
1881 1773 1960 1816 Vi·
2019 1804 2034 1809 0

362 1854 488 1904 tellii,
522 1854 782 1908 nequissimi
816 1854 1088 1904 mortalium,
1121 1854 1184 1895 ita
1212 1858 1544 1895 exornaverant
1571 1853 1822 1908 municipes
1845 1858 1960 1896 tam-

365 1948 501 1988 quam
533 1935 569 1975 si
605 1948 793 1989 magnus
824 1934 986 1988 aliquis
1017 1948 1097 1975 rex
1128 1934 1381 1975 accederet.

426 2095 483 2135 H.
520 2095 577 2144 II,
611 2104 681 2149 74.
716 2094 1037 2149 Vespasianus,
1070 2093 1175 2135 licet
1209 2107 1311 2134 eum
1341 2092 1467 2134 multi
1496 2098 1800 2147 potentesque
1814 2093 1956 2136 amici

360 2180 498 2228 atque
530 2175 647 2216 adeo
679 2174 763 2228 ipsi
797 2175 858 2215 dii
892 2173 1171 2214 immortales
1199 2174 1255 2214 ad
1286 2173 1524 2227 imperium
1553 2178 1732 2222 vocent,
1760 2172 1956 2218 haesitat

358 2255 519 2304 etiam3
565 2255 642 2295 vix
680 2267 727 2295 se
760 2259 889 2294 tanto
922 2253 1101 2307 fastigio
1136 2266 1291 2306 parem
1324 2252 1548 2302 aestimat,
1580 2265 1857 2306 gravemque
1888 2265 1958 2294 re-

356 2333 571 2375 formidat
603 2347 771 2375 casum.
807 2334 866 2374 Et
898 2333 985 2374 alia
1017 2346 1171 2374 secum
1205 2332 1428 2373 deliberat
1461 2337 1506 2372 et
1538 2332 1675 2374 haec:

420 2415 557 2467 „Esse
601 2414 787 2468 privatis
830 2413 1183 2467 cogitationibus
1226 2425 1527 2466 progressum,
1568 2417 1614 2452 et
1647 2417 1782 2466 prout
1811 2411 1956 2463 velint
2037 2450 2040 2451 γ

356 2494 455 2548 plus
498 2494 702 2534 minusve
745 2494 860 2534 sumi
905 2507 963 2533 ex
1005 2492 1207 2534 fortuna:
1251 2492 1492 2545 imperium
1525 2490 1956 2558 cupientibus.nihil

357 2574 555 2614 medium
589 2574 706 2614 inter
738 2586 913 2614 summa
945 2577 1023 2613 aut
1056 2570 1371 2626 praecipitia.”

416 2653 679 2694 Claudicare
723 2653 839 2693 hanc
880 2652 1154 2693 sententiam
1197 2651 1369 2691 dudum
1403 2655 1471 2690 est
1506 2649 1785 2692 intellectum
1798 2668 1808 2701 3
1844 2662 1952 2704 ergo

357 2733 537 2786 Lipsius
570 2747 652 2786 pro
672 2741 965 2787 progressum
992 2731 1080 2786 legi
1107 2731 1234 2772 iussit
1261 2743 1530 2784 regressum,
1560 2730 1683 2783 quod
1711 2735 1834 2781 certe
1863 2742 1955 2771 me-

357 2813 440 2853 lius
472 2813 663 2862 videtur,
698 2826 835 2866 quam
867 2812 1044 2853 illorum
1077 2812 1376 2859 coniecturae,
1407 2810 1483 2863 qui
1516 2823 1638 2862 „esse
1666 2822 1953 2864 progressum

357 2891 636 2945 regressum'’
679 2892 750 2932 vel
798 2905 920 2944 „esse
959 2904 1245 2946 progressum
1277 2902 1374 2930 esse
1407 2887 1688 2941 regressum''
1721 2888 1792 2929 vel
1831 2901 1954 2941 „esse

357 2985 642 3026 progressum
690 2977 734 3011 et
782 2970 1063 3024 regressum’'
1112 2972 1458 3023 proposuerunt.
1507 2967 1626 3008 Nam
1674 2968 1718 3007 in
1761 2967 1954 3020 privatis
2010 2969 2013 2974 '
