2040 3412
1100 304 1180 356 164

335 426 384 460 ut
411 420 658 474 imperator
679 421 912 462 dederat.”
930 422 1151 477 Defuncto
1167 423 1390 478 Augusto:
1409 437 1576 478 ergone
1594 429 1746 467 cetera
1763 408 1993 484 omniaj

336 513 451 553 quae
495 499 567 541 hic
605 505 855 550 narrantur,
889 501 1143 557 quibusque
1175 517 1264 544 una
1297 503 1408 544 haec
1442 517 1512 544 res
1545 505 1793 559 opponitur,
1826 505 1935 553 vivae¹

336 579 572 620 etiamtum
601 579 843 634 validoque
871 580 1081 635 Augusto
1109 581 1228 624 facta
1254 581 1386 624 sunt?
1422 583 1569 625 Immo
1597 597 1705 626 vero
1731 585 1790 627 ad
1811 566 1999 642 idemf}

336 665 516 714 tempus
543 665 706 701 cuncta
733 661 977 714 pertinent,
1006 675 1108 703 cum
1136 668 1214 703 aut
1240 663 1329 703 iam
1359 664 1679 718 exspiravisset
1701 663 1940 719 Augustus

336 744 414 780 aut
440 740 485 780 in
512 739 702 781 articulo
732 741 888 782 mortis
917 747 1047 782 esset.
1078 742 1147 782 De
1175 742 1240 791 iis,
1270 756 1386 796 quae
1410 743 1618 796 proxime
1643 736 1936 798 praecedunt,

338 818 408 859 vel
451 819 864 873 manifestissimum
907 820 1017 862 illud
1059 826 1151 862 est:
1201 821 1282 874 „de
1316 821 1564 864 honoribus
1598 823 1799 878 parentis
1829 836 1954 869 con·⁴
1978 844 2009 882 j

336 897 577 949 sulturum,
606 913 752 954 neque
779 901 1024 945 abscedere
1051 915 1080 942 a
1108 909 1311 956 corpore,
1340 901 1644 956 idqueunum
1667 916 1726 944 ex
1742 902 1936 958 publicis
1976 899 2003 935 <3

338 978 598 1020 muneribus
631 979 890 1034 usurpare.”
925 980 1031 1022 Post
1064 980 1186 1022 illam
1219 981 1419 1035 corporis
1450 982 1935 1032 commemoration‘em
1983 991 1988 994 ’

337 1058 535 1100 continuo
578 1059 640 1099 sic
684 1072 890 1113 pergere3
940 1060 1044 1113 „sed
1079 1060 1284 1114 defuncto
1317 1059 1527 1114 Augusto
1561 1074 1600 1102 e.
1628 1075 1672 1116 q.
1700 1061 1765 1104 s.”
1796 1074 1936 1118 quam
1978 1079 1997 1110 χ

323 1138 394 1178 sit
426 1138 632 1192 ineptum
665 1139 742 1180 vix
773 1139 861 1180 iarn
895 1139 1044 1180 dicere
1077 1153 1204 1194 opus.
1240 1138 1330 1181 Sed
1357 1140 1402 1181 in
1430 1141 1658 1195 integrum
1686 1142 1937 1190 restituitut
1976 1138 2003 1182 ;’

339 1217 476 1267 locus,
515 1218 550 1258 si
584 1224 689 1259 ante
721 1219 925 1273 defuncto
958 1219 1119 1260 vocula
1149 1219 1241 1268 vix,
1275 1219 1419 1261 aliave
1452 1220 1496 1261 in
1530 1221 1724 1263 eandem
1756 1225 1937 1269 senten·
1979 1209 2007 1263 ’-

339 1297 448 1338 tiam
483 1298 706 1338 inseritur.
1984 1284 1991 1289 ’

399 1456 457 1498 A.
492 1458 525 1498 Ι.
561 1468 630 1498 22.
676 1458 919 1499 Discordes
963 1458 1220 1499 Pannoniae
1264 1457 1428 1500 milites
1466 1458 1555 1500 iam
1587 1465 1634 1500 et
1665 1458 1753 1502 alia
1783 1446 1939 1503 turbu·
1974 1466 1998 1514 ζ’-

339 1536 463 1578 lenta
494 1537 697 1579 fecerunt
730 1537 871 1579 multa
904 1543 950 1579 et
981 1551 1159 1579 carcere
1192 1538 1378 1580 effracto
1412 1539 1667 1581 desertores
1698 1527 1955 1596 rerumque

341 1617 602 1670 capitalium
651 1618 890 1658 damnatos
935 1617 1255 1659 liberaverunt.
1304 1618 1416 1659 Inde
1463 1631 1619 1660 eorum
1661 1633 1788 1670 unus,
1830 1624 1936 1663 ante
1969 1594 1988 1622 ”’

342 1697 486 1738 Blaesi
519 1697 656 1751 legati
689 1698 885 1739 tribunal
919 1697 1138 1739 allevatus
1171 1698 1349 1747 umeris,
1382 1698 1445 1739 sic
1474 1697 1729 1741 declamare
1754 1699 1936 1754 incipit:

406 1777 529 1829 „Vos
556 1777 740 1831 quidem
769 1777 836 1818 his
864 1777 1180 1818 innocentibus
1209 1783 1254 1818 et
1282 1777 1540 1819 miserrimis
1567 1777 1715 1820 lucem
1741 1782 1789 1820 et
1810 1778 1939 1834 spiri-
1956 1769 1998 1840 ’,κ·κ”

341 1862 438 1897 tum
471 1858 753 1907 reddidistis;
787 1858 864 1898 sed
900 1858 1004 1911 quis
1025 1856 1148 1898 fratri
1177 1871 1279 1898 meo
1307 1858 1462 1907 vitam,
1490 1859 1590 1911 quis
1617 1857 1800 1900 fratrem
1826 1857 1937 1904 mihi

342 1937 519 1979 reddit?
552 1952 688 1992 quem
722 1939 905 1980 missum
937 1939 994 1979 ad
1030 1951 1110 1979 vos
1142 1952 1168 1979 a
1200 1933 1472 1980 Germanico
1500 1939 1702 1980 exercitu
1731 1939 1788 1981 de
1816 1951 1938 1981 com·
1968 1942 1979 1986 f·

343 2019 553 2059 munibus
590 2019 856 2068 commodis,
896 2024 1029 2060 nocte
1064 2019 1271 2072 proxima
1303 2018 1521 2072 iugulavit
1554 2032 1634 2073 per
1664 2018 1939 2086 gladiatores
1961 2050 2009 2074 ,-

341 2112 458 2148 suos,
492 2113 606 2152 quos
637 2099 682 2140 in
716 2099 905 2140 exitium
939 2098 1131 2139 militum
1165 2098 1303 2139 habet
1336 2104 1474 2151 atque
1507 2097 1698 2140 armat”

403 2179 616 2220 Potestne
645 2179 717 2220 hic
744 2179 870 2220 verbi
898 2178 1123 2234 iugulavit
1147 2179 1296 2219 omitti
1324 2177 1602 2219 subiectum?
1631 2178 1736 2220 Non
1757 2162 1993 2246 ορίῐιθιῄ-,κἶ

342 2259 420 2300 sed
466 2265 514 2300 ut
557 2259 710 2300 omnia
747 2259 835 2299 sint
869 2259 1130 2312 perspicua,
1166 2263 1304 2311 utque
1338 2258 1382 2298 id
1417 2258 1539 2311 quod
1572 2258 1797 2312 sequitur:
1840 2243 1983 2314 „ree”

341 2339 530 2392 sponde,
561 2338 730 2388 Blaese,
759 2339 835 2379 ubi
862 2339 1058 2380 cadaver
1083 2337 1342 2387 abieceris,'’
1362 2343 1408 2379 et
1425 2352 1516 2391 quo
1534 2324 1989 2392 referaturhabeatg·

340 2423 384 2458 et
411 2431 537 2459 suam
566 2418 650 2458 sibi
679 2414 885 2459 obtine‘at
911 2417 1221 2466 acerbitatem,
1250 2416 1492 2471 legendum
1521 2430 1684 2458 censeo
1709 2415 1984 2483 iugulum

338 2498 429 2538 iste.
475 2497 627 2538 Facile
672 2498 881 2538 excidere
924 2510 1176 2551 pronomen
1215 2480 1323 2537 illud
1357 2497 1519 2550 potuit.
1553 2496 1671 2538 Nam
1703 2496 1762 2538 ad
1794 2502 1970 2551 quem

338 2577 487 2618 locum
522 2577 657 2630 vulgo
691 2577 761 2618 hic
794 2582 1081 2631 provocatur,
1116 2590 1219 2617 eum
1253 2589 1338 2629 ego
1371 2576 1594 2630 integrum
1627 2575 1699 2616 hic
1725 2574 1967 2623 afferamz
1967 2620 1969 2622 ,

339 2656 604 2711 plerumque
637 2658 757 2698 enim
790 2658 835 2698 id
869 2657 1093 2698 omittitur
1113 2657 1244 2698 unde
1274 2661 1491 2710 appareat
1519 2687 1529 2696 .
1549 2687 1559 2696 .
1579 2688 1588 2696 .
1608 2688 1617 2697 .
1646 2655 1857 2710 praesidii
1882 2655 1966 2697 ἰΩ.

339 2749 393 2776 eo
427 2737 535 2777 nihii
570 2750 666 2778 esse
700 2737 773 2791 (A.
810 2737 864 2786 11,
901 2737 996 2791 70):

406 2816 579 2868 „Simul
606 2817 732 2857 missi
761 2831 789 2857 a
820 2816 980 2857 Pisone
1011 2815 1337 2863 incusabantur,
1374 2820 1423 2855 ut
1455 2814 1714 2855 valitudinis
1739 2799 1978 2862 ει(1νιὲι·ε·ιαὶ’4

340 2896 567 2936 rimantes.
611 2896 680 2935 Ea
723 2895 993 2936 Germanico
1035 2894 1155 2935 haud
1199 2895 1344 2935 minus
1381 2894 1445 2934 ira
1478 2907 1613 2947 quam
1645 2906 1726 2948 per
1757 2878 1965 2955 metum}

339 2980 540 3029 accepta.
590 2974 635 3016 Si
683 2974 819 3015 limen
868 2974 1163 3022 obsideretur,
1207 2974 1242 3014 si
1285 2973 1582 3013 effundendus
1623 2973 1806 3028 spiritus
1845 2968 1975 3027 suh„
