2040 3412
1091 269 1173 309 228

339 381 649 435 destinavisse,
695 391 742 426 ut
785 392 888 440 post
931 387 1129 428 occisum
1173 400 1311 441 opera
1355 387 1528 428 Pisonis
1563 384 1793 430 Neronem
1826 378 1940 431 Piso⁴
1999 391 2002 395 ’

338 479 520 519 quoque
567 465 918 516 interficeretur,
967 467 1311 520 tradereturque
1355 467 1594 521 imperium
1638 467 1927 511 Senecae...

339 544 458 599 Quin
503 552 549 586 et
592 546 730 587 verba
774 546 902 587 Flavi
946 546 1247 600 vulgabantur
1290 561 1380 588 non
1423 547 1587 588 referre
1631 544 1859 599 dedecori,
1891 548 1938 591 si·

338 625 627 666 citharoedus
659 626 978 667 demoveretur
1012 632 1058 667 et
1090 627 1333 680 tragoedus
1366 627 1674 668 succederet.”
1933 624 1939 630 '

398 704 474 745 Ad
523 704 766 746 lectionem
810 706 1025 747 traditam
1068 706 1264 747 dedecori
1305 705 1641 748 defendendam
1683 706 1939 749 afferuntur-

340 785 430 825 duo
474 783 574 835 loci,
619 786 676 827 de
718 786 882 839 quibus
924 792 1075 827 tacere
1109 791 1331 840 praestat:
1368 786 1512 828 Plauti
1547 786 1668 828 enim
1701 786 1929 837 estalter.

338 864 451 905 alter
486 865 662 906 Horatii
697 879 850 906 versus
881 865 955 923 ille
988 866 1269 907 notissimus:
1864 863 1869 866 ’

1112 946 1184 987 dic
1218 946 1326 999 quid
1359 945 1524 987 referat
1557 944 1675 988 intra

639 1025 838 1066 Naturae
873 1023 973 1066 finis
1006 1025 1191 1074 viventi,
1227 1025 1380 1079 iugera
1412 1024 1597 1067 centurn
1631 1039 1687 1068 an

639 1102 763 1146 Mille
796 1103 922 1146 aret?
1498 1104 1501 1107 ’

401 1184 451 1226 In
480 1198 570 1239 quo
604 1185 814 1239 praesidii
849 1184 957 1226 nihil
991 1199 1087 1226 esse
1120 1191 1333 1239 apparet:
1368 1186 1493 1227 homo
1526 1186 1647 1227 enim
1679 1185 1742 1228 ibi
1774 1186 1937 1229 dativo:

341 1265 614 1319 designatur.
645 1265 768 1319 Ergo
797 1261 1062 1319 plerumque
1093 1265 1266 1306 Heinsii
1296 1266 1514 1320 probatur
1531 1267 1805 1317 coniectura,
1822 1265 1936 1309 sane

341 1345 569 1386 lenissima'
611 1346 846 1395 dedecoris,
890 1345 1105 1399 quoniam
1150 1346 1247 1401 ipse
1291 1346 1476 1387 Tacitus
1519 1346 1577 1387 H.
1612 1346 1646 1396 1,
1686 1358 1701 1388 1
1739 1346 1928 1389 dixerit:

347 1439 554 1478 „omnem
587 1426 840 1480 potentiam
872 1426 928 1466 ad
963 1439 1100 1466 unum
1130 1425 1322 1466 conferri
1350 1426 1474 1480 pacis
1501 1425 1747 1477 interfuit”,
1775 1425 1931 1480 Quint.

343 1506 422 1555 IX,
454 1519 495 1558 4,
530 1518 611 1558 44:
651 1506 916 1560 „plurimum
950 1505 1086 1547 refert
1119 1505 1505 1560 compositionis”,
1539 1505 1651 1547 Plin.
1685 1503 1778 1562 Ep.
1801 1503 1930 1558 VIII,

345 1597 422 1626 22:
477 1586 705 1640 „quisquis
753 1585 850 1635 ille,
898 1585 1238 1639 qualiscunque,
1289 1585 1485 1636 sileatur,
1535 1600 1672 1641 quem
1719 1582 1932 1641 insignire
1999 1575 2002 1581 ¹

342 1666 539 1720 exempli
573 1665 695 1715 nihil,
731 1679 821 1707 non
855 1666 1067 1719 insignire
1101 1665 1394 1706 humanitatis
1426 1666 1668 1720 plurimum
1701 1666 1865 1708 refert”
1889 1665 1932 1722 ¹).

343 1745 434 1787 Sed
476 1746 619 1786 tribus
662 1746 730 1786 his
771 1745 882 1786 locis
915 1753 1026 1799 pax,
1071 1746 1331 1799 compositio,
1374 1745 1631 1801 exemplum,
1676 1745 1934 1789 humanitas

341 1831 574 1879 tamquam
608 1826 815 1866 homines
848 1826 1116 1879 cogitantur,
1146 1831 1205 1875 et,
1234 1826 1356 1879 quod
1384 1826 1575 1880 gravius,
1605 1827 1641 1867 si
1667 1827 1726 1868 ad
1755 1826 1933 1869 illorum

342 1905 601 1959 exemplum
617 1911 768 1946 noster
785 1905 909 1946 locus
927 1906 1206 1954 emendetur,
1222 1919 1311 1946 non
1329 1906 1563 1955 dedecoris,
1577 1907 1732 1947 verum
1749 1902 1932 1957 debari-53

340 1986 398 2026 sit
430 1985 732 2026 scribendum.
778 1985 932 2027 Unum
965 1985 1283 2026 tantummodo
1316 1980 1534 2027 hactenus
1566 1985 1751 2028 allatum
1784 1985 1932 2038 video,

341 2058 417 2119 qui
460 2065 593 2119 plane
627 2066 712 2106 huc
746 2066 1012 2106 conveniat:
1049 2065 1158 2106 Plin.
1193 2065 1358 2119 Paneg.
1391 2077 1472 2117 40:
1513 2071 1587 2118 „tu
1622 2065 1733 2107 nihil
1765 2065 1930 2108 referre

341 2139 592 2199 iniquitatis
634 2146 877 2194 existimas,
913 2145 1067 2199 exigas
1101 2145 1223 2199 quod
1258 2145 1414 2186 deberi
1448 2158 1539 2186 non
1572 2142 1839 2199 oportuerit,
1869 2158 1929 2187 an

341 2226 589 2266 constituas
631 2231 679 2266 ut
722 2223 1000 2266 debeatur?”
1049 2223 1139 2266 Sed
1174 2237 1450 2278 quamquam
1484 2223 1673 2266 sortasse
1704 2238 1732 2266 a
1763 2224 1932 2267 sedulis

341 2305 629 2346 venatoribus
648 2305 778 2359 pauci
798 2305 982 2358 quidam
1000 2304 1073 2345 alii
1092 2318 1116 2345 e
1133 2303 1317 2345 latebris
1336 2303 1669 2358 protrahentur,
1681 2302 1931 2347 admodum

337 2386 503 2426 insoliti
537 2385 706 2439 aliquid
740 2385 915 2429 Tacito
937 2385 1184 2426 Heinsiana
1218 2385 1399 2425 obtrudi
1433 2385 1693 2426 coniectura
1717 2383 1826 2426 satis
1851 2381 1931 2440 ap·

337 2471 479 2518 paret.
529 2465 625 2505 Iam
667 2465 941 2505 sententiam
986 2464 1095 2505 dicti
1139 2465 1499 2505 consideremus:
1549 2477 1732 2518 „parum
1764 2461 1932 2507 ἰάθη-ξ’*
1998 2454 2022 2462 ⁷³

337 2545 520 2599 (Flavus
553 2545 631 2598 ait)
669 2550 843 2597 „utrum
877 2544 1189 2585 citharoedum
1222 2557 1279 2585 an
1312 2544 1580 2597 tragoedum
1608 2541 1931 2601 imperatorem

338 2622 627 2665 habeam'us.’'
673 2625 794 2666 Num
824 2624 1074 2678 quidquam
1103 2625 1175 2665 hic
1204 2623 1360 2665 deest?
1394 2624 1540 2665 Immo
1569 2637 1677 2665 vero
1707 2624 1933 2681 quidquid·

391 2780 425 2823 1)
458 2781 567 2812 Totus
600 2780 697 2812 locus
732 2784 783 2812 est
808 2781 1066 2813 huiuscemodi:
1093 2786 1131 2813 ut
1156 2782 1304 2813 amicum
1329 2792 1349 2813 a
1374 2781 1482 2812 nimia
1506 2781 1543 2812 in
1568 2780 1683 2814 aliena
1708 2781 1794 2814 vitia
1819 2781 1931 2818 deterss
1994 2778 2022 2825 'ss

340 2843 411 2870 reat
444 2839 638 2879 severitate,
671 2839 868 2880 exemplum
902 2850 938 2871 se
969 2839 1001 2871 ei
1027 2850 1141 2871 coram
1167 2844 1383 2871 narraturum
1408 2838 1581 2881 promittit
1606 2839 1740 2872 Plinius
1763 2839 1842 2883 viri,
1867 2838 1930 2882 qui
1997 2871 2006 2881 (

339 2896 529 2937 aliquando
563 2896 598 2927 in
634 2896 758 2937 poenis
788 2897 965 2929 sumendis
991 2898 1131 2929 modum
1157 2897 1360 2940 excesserit3
1387 2896 1449 2928 sed
1474 2907 1601 2928 nomen
1627 2897 1701 2929 eius
1725 2907 1762 2929 se
1787 2907 1832 2941 ne
1855 2901 1930 2931 tum
1988 2911 2009 2925 r·

341 2954 481 2996 quidem
508 2954 679 2985 editurum
701 2954 828 2997 verbis,
855 2965 944 2997 quae
969 2955 1164 2998 citavimus,
1190 2954 1372 2998 significat.
