2040 3412
810 965 944 1007 XIV.

77 1127 149 1160 AD
180 1126 273 1161 SEX
304 1126 515 1160 PRIORES
543 1127 814 1159 ANNALIUM
843 1127 1016 1159 LIBROS
1046 1127 1444 1159 ANNOTATIONES
1474 1127 1680 1159 VARIAE.

138 1250 373 1293 Hactenus
419 1250 763 1292 observationes
813 1263 936 1290 meas
983 1249 1194 1291 Taciteas
1244 1250 1306 1290 ita
1351 1249 1594 1304 disponere
1637 1254 1684 1289 et

77 1331 288 1374 ordinare
330 1331 458 1386 potui
503 1336 552 1372 ut
593 1330 792 1385 capitula
835 1330 952 1371 bene
995 1316 1287 1372 cohaerentia
1329 1331 1386 1371 de
1421 1331 1554 1372 variis
1586 1344 1685 1372 nas-

22 1411 25 1470 2
48 1418 51 1419 ⁷
78 1417 288 1454 cerentur
315 1411 606 1466 argumentis.
637 1411 784 1452 Maior
810 1424 930 1452 nunc
959 1417 1098 1452 restat
1129 1425 1244 1465 pars,
1274 1425 1390 1465 quae
1418 1411 1541 1452 nullo
1566 1412 1686 1452 inter

26 1480 30 1505 ²
78 1506 127 1535 se
169 1493 446 1535 cohaereant
479 1491 672 1534 vinculo.
707 1492 777 1533 Ne
811 1498 966 1533 tamen
999 1491 1204 1546 legentes
1237 1492 1391 1533 statim
1425 1492 1687 1546 longissima

30 1580 40 1629 j
79 1573 306 1615 variarum
337 1572 686 1614 annotationum
720 1572 952 1613 detineam
980 1572 1107 1621 serie,
1139 1572 1334 1626 primum
1365 1586 1436 1613 me
1466 1573 1582 1614 intra
1611 1586 1689 1614 eos

12 1642 36 1694 .
81 1651 331 1695 Annalium
365 1653 612 1694 continebo
644 1652 797 1702 libros,
826 1653 902 1706 qui
933 1652 1323 1707 praestantissimo
1352 1659 1588 1710 servantur
1616 1667 1689 1694 co-

20 1763 49 1797 12
81 1734 183 1776 dice
227 1733 439 1775 Mediceo
473 1733 507 1774 I.
543 1732 630 1787 Qui
676 1747 778 1774 cum
822 1733 943 1774 lectu
976 1733 1033 1774 sit
1066 1724 1318 1782 facillimus,
1353 1734 1690 1774 accuratissime

27 1814 30 1818 ’
68 1799 276 1870 scriptus
319 1819 364 1855 et
401 1827 428 1855 a
460 1813 647 1854 summis
676 1813 923 1869 philologis
957 1813 1302 1867 diligentissime
1335 1827 1562 1863 excussus,
1599 1827 1690 1855 non

3 1891 46 1943 {fs
82 1894 146 1936 ita
187 1893 316 1936 multi
360 1893 456 1935 eius
499 1899 672 1935 restant
710 1893 821 1953 loci„
848 1893 924 1947 qui
959 1894 1159 1947 corrupti
1192 1898 1270 1934 aut
1303 1894 1577 1934 dubitationi
1612 1894 1691 1934 ob-

34 1963 35 1966 *
84 1974 208 2016 noxii
242 1973 385 2015 videri
419 1974 608 2028 possint.
638 1973 868 2014 Proferam
899 1978 1053 2014 tamen
1084 1986 1207 2014 meas
1234 1973 1573 2027 qualescunque
1600 1987 1693 2014 sus-

15 2037 53 2087 -·³⁵
85 2055 301 2111 piciones,
343 2067 461 2108 quae
494 2054 581 2095 hoc
613 2053 715 2095 loco
750 2067 841 2095 non
877 2053 1010 2108 plane
1045 2055 1258 2108 indignae
1292 2054 1400 2094 mihi
1434 2054 1555 2095 visae
1589 2054 1691 2103 sint,

39 2130 250 2190 ,lquibus
296 2133 528 2175 exhaustis
574 2139 739 2188 sponte
788 2134 896 2175 mihi
946 2134 1019 2175 via
1067 2135 1125 2175 ad
1176 2147 1345 2175 novum
1391 2135 1476 2175 erit
1520 2135 1693 2175 munita

34 2207 49 2278 ζ
84 2219 416 2270 argumentum,
460 2214 584 2268 quod
629 2213 764 2268 paulo
805 2213 1067 2268 diligentius
1100 2219 1380 2268 pertractare
1414 2228 1502 2255 una
1534 2214 1695 2256 altera-

4 2327 7 2330 -
35 2281 65 2339 ss
85 2307 175 2350 que
207 2294 580 2336 observationum
614 2308 817 2335 mearum
851 2294 1006 2335 iubere
1042 2294 1264 2335 videatur.

45 2363 47 2367 ¹
153 2374 348 2428 „Tiberii
381 2373 556 2428 Gaique
590 2379 636 2415 et
669 2373 845 2427 Claudii
873 2387 926 2415 ac
957 2374 1151 2415 Neronis
1182 2388 1264 2423 reS‚
1294 2373 1560 2415 florentibus
1588 2376 1696 2429 ipsis

13 2443 58 2510 ρὝ
89 2455 150 2498 ob
182 2461 354 2498 metum
386 2454 538 2505 falsae,
573 2460 817 2509 postquam
849 2455 1113 2496 occiderant
1146 2454 1404 2496 recentibus
1431 2455 1547 2496 odiis
1575 2469 1697 2496 com-

0 2551 2 2589 }
51 2533 57 2545 ²
90 2536 266 2591 positae
299 2534 449 2577 sunt.”
903 2530 905 2532 ¹

151 2616 279 2659 Haec
323 2630 408 2671 ego
451 2629 685 2670 nunquam
723 2629 1010 2669 concoquere
1046 2616 1189 2670 potui,
1224 2616 1303 2656 sed
1338 2616 1698 2670 quotiescunque

48 2684 54 2730 s
91 2696 296 2739 Annales
336 2697 487 2751 legere
531 2696 700 2750 incipio
742 2696 787 2736 in
829 2695 897 2736 his
941 2695 1091 2736 verbis
1133 2695 1312 2736 haereo.
1353 2695 1509 2749 Atque
1542 2710 1699 2737 revera

4 2774 7 2781 ¹
50 2822 55 2824 ,
94 2777 273 2819 molesti
301 2777 471 2831 aliquid
501 2777 661 2826 inesse,
692 2776 815 2830 quod
845 2775 1007 2816 frustra
1030 2789 1266 2817 removere
1284 2777 1342 2817 sit
1359 2781 1561 2826 conatus,
1582 2776 1700 2818 ultro

3 2850 9 2866 ²
54 2852 265 2899 ³'indicat
314 2856 621 2911 Nipperdeius
665 2855 750 2896 hac
793 2856 1115 2896 annotatione:
1155 2856 1520 2912 „florentz'bus...
1545 2857 1704 2911 falsae

50 2938 67 2963 Γ·
94 2937 152 2979 ist
178 2937 459 2992 Apposition
488 2952 541 2978 zu
570 2951 653 2985 res,
685 2936 775 2977 und
794 2936 953 2990 falsae
980 2935 1314 2990 („verfa'1scht'',
1343 2937 1524 2978 obwohl
1551 2951 1598 2978 es
1622 2938 1702 2978 das

6 2999 8 3077 ᾖ
60 3040 66 3060 z
97 3016 322 3072 Adjektiv,
349 3018 420 3071 ist)
449 3016 572 3057 steht
601 3016 644 3056 in
674 3016 830 3056 keiner
858 3016 1162 3070 Verbindung
1186 3017 1267 3057 mit
1285 3018 1543 3072 compositae
1558 3017 1703 3060 sunt.”

1473 3106 1508 3129 11
