2040 3412
876 301 930 345 95

90 407 348 452 Octaviam.
389 408 527 449 Exim
565 408 672 450 laeti
706 408 982 463 Capitolium
1015 395 1241 452 scandunt
1275 411 1477 466 deosque
1511 396 1699 452 tandem

43 472 379 545 [venerantur.
424 488 611 543 Effigies
653 489 893 543 Poppaeae
934 496 1168 544 proruunt,
1214 490 1434 533 Octaviae
1479 492 1699 545 imagines

46 553 274 624 [gestant
317 569 483 610 umeris
524 582 562 609 e.
587 582 630 622 q.
654 569 734 610 S.”.
775 568 848 611 Sic
882 570 1053 620 codex3
1090 571 1397 625 Nipperdeius
1430 586 1512 626 pro
1545 586 1697 626 quam-

86 662 224 707 quam
265 648 376 704 legit
414 657 657 703 tamquam,
692 663 775 704 pro
807 651 1033 692 revocavit
1062 652 1288 693 revocarit
1319 658 1364 692 et
1398 658 1501 706 post
1533 652 1604 693 his
1636 652 1696 693 la-

34 710 236 790 ’ῥέωιαε
262 729 393 783 ponit
420 729 620 783 signum3
651 729 884 779 hactenus,
909 735 958 770 ut
980 731 1156 784 opinor,
1180 731 1444 772 rectissime.
1464 731 1554 773 Sed
1573 732 1697 785 quod

90 807 300 851 lacunam
344 809 466 850 illam
509 809 578 850 his
621 809 712 850 fere
756 809 906 850 verbis
947 809 1251 864 supplendam
1298 811 1480 852 statuit:
1524 811 1698 852 vocibus

39 889 343 944 ῐὲειφενυεηίί
387 889 534 931 inanis
581 903 751 938 rumor,
802 889 893 930 falli
937 890 1118 932 videtur
1162 891 1226 932 vir
1269 891 1696 945 praestantissimus.

34 968 321 1026 &Equidem
363 970 586 1011 eiusmodi
630 970 801 1024 aliquid
846 970 1078 1012 desidero:
1123 955 1331 1026 Poppdea
1369 971 1440 1012 lu's
1476 972 1697 1026 questibus

41 1065 48 1105 3:
81 1048 291 1106 permota
318 1063 544 1092 rumorem
562 1057 649 1104 per
676 1050 871 1091 homines
896 1050 982 1092 sz'bz'
1005 1036 1173 1092 deditos
1198 1052 1382 1105 sparsit.
1407 1051 1526 1093 Nam
1544 1053 1698 1093 onmia

23 1118 42 1165 ’Ῐ
89 1142 208 1184 quae
241 1130 407 1171 deinde
441 1129 554 1171 fiunt
586 1130 828 1184 Poppaeae
862 1130 975 1171 fiunt
1003 1131 1242 1172 instinctu:
1273 1131 1347 1172 illa
1374 1133 1528 1172 statim
1556 1132 1700 1173 turbis

78 1208 176 1269 fillis
216 1209 263 1251 in
305 1209 527 1251 honorem
571 1209 793 1252 Octaviae
831 1211 967 1251 motis
998 1211 1201 1252 abutitur
1232 1211 1290 1252 ad
1325 1211 1566 1253 Octaviam
1601 1226 1700 1266 per-

89 1289 304 1332 dendam.
338 1289 460 1344 Quid
493 1304 601 1344 ergo
634 1291 919 1332 verisimilius
953 1305 1090 1345 quam
1124 1292 1244 1346 ipsas
1272 1306 1456 1346 quoque
1483 1293 1580 1334 illas
1608 1299 1699 1334 tur—

22 1390 28 1427 s
90 1369 172 1412 bas
204 1370 446 1425 Poppaeae
480 1371 587 1412 dolo
620 1370 870 1413 excitatas?
904 1371 1082 1413 Territa
1115 1373 1350 1426 questibus
1384 1387 1553 1423 eorum,
1585 1387 1699 1428 quos

88 1448 311 1492 Octaviae
343 1451 602 1501 miserebat,
636 1465 690 1493 ea
720 1452 938 1501 struebat,
967 1466 1084 1506 quae
1111 1453 1282 1494 Neroni
1313 1467 1495 1507 quoque
1525 1460 1696 1495 metum

90 1537 242 1573 essent
284 1531 527 1573 iniectura:
572 1533 818 1586 spargebat
859 1547 1088 1574 rumorem
1131 1534 1188 1574 de
1232 1534 1426 1576 Octavia
1469 1541 1695 1585 revocata,

17 1593 35 1668 ’
89 1611 348 1666 intelligens
388 1618 485 1653 tum
524 1613 709 1654 demum
742 1618 951 1667 apertum
986 1613 1080 1654 fore
1115 1613 1270 1668 populi
1305 1614 1348 1655 in
1382 1628 1428 1655 se
1462 1615 1618 1656 odium
1652 1621 1697 1656 et

18 1691 37 1736 -ξ
90 1704 199 1746 erga
230 1691 472 1734 Octaviam
505 1691 722 1734 favorem.
922 1675 926 1678 ι

42 1767 83 1785 ³‘
103 1790 115 1793 “
149 1771 209 1813 A.
238 1771 343 1822 XV,
374 1781 442 1825 50.
471 1772 720 1826 Postquam
747 1773 947 1814 narravit
975 1774 1051 1827 qui
1080 1773 1246 1815 fuerint
1274 1774 1448 1816 Pisonis
1467 1776 1635 1816 conscii
1654 1782 1699 1817 et

44 1851 47 1853 ’
89 1852 199 1906 quid
235 1865 313 1893 eos
345 1853 404 1893 ad
437 1858 616 1893 tantum
649 1852 822 1894 facinus
856 1854 1118 1895 audendum
1153 1854 1397 1908 impulerit,
1431 1856 1494 1896 sic
1528 1857 1697 1910 pergit:

153 1932 240 1985 „Et
283 1933 458 1987 cepisse
500 1933 723 1987 impetum
767 1932 956 1974 Subrius
989 1933 1158 1974 Flavus
1191 1933 1421 1975 ferebatur
1453 1935 1497 1975 in
1532 1949 1696 1977 scaena

15 2028 33 2074 ‚s
87 2018 330 2054 canentem
364 2013 595 2054 Neronem
628 2014 939 2067 aggrediendi,
973 2020 1051 2055 aut
1084 2027 1188 2055 cum
1221 2015 1411 2056 ardente
1446 2016 1584 2056 domo
1618 2030 1699 2070 per

88 2099 272 2135 noctem
315 2094 402 2135 huc
446 2094 550 2135 illuc
594 2100 794 2136 cursaret
838 2095 1155 2136 incustoditus.
1200 2095 1287 2136 Hic
1332 2097 1511 2137 occasio
1544 2096 1698 2138 solitu-

14 2171 29 2230 3}
89 2173 219 2224 diniS‚
262 2174 324 2216 ibi
367 2175 465 2229 ipsa
506 2175 763 2229 frequentia
805 2175 920 2216 tanti
964 2175 1141 2216 decoris
1184 2176 1312 2216 testis
1336 2176 1695 2230 pulcherrimum

86 2254 288 2296 animum
326 2255 746 2305 exstimulaverant,
786 2256 869 2296 nisi
903 2255 1187 2310 impunitatis
1221 2256 1388 2309 cupido
1422 2257 1693 2307 retinuisset,

23 2343 25 2346 ·
87 2335 264 2388 magnis
297 2348 479 2389 semper
511 2335 751 2376 conatibus
785 2335 1021 2377 adversa”.

147 2414 234 2455 Pro
272 2415 631 2470 pulcherrimum
681 2415 934 2458 Urlichsius
972 2415 1285 2469 pulcherrima
1329 2415 1451 2469 legit,
1497 2415 1692 2458 Orellius

87 2493 227 2549 (quod
270 2500 501 2549 praestare
544 2495 740 2549 videtur)
770 2495 1128 2550 pulcherrimum
1162 2495 1226 2535 ad
1244 2496 1445 2548 facinus.
1480 2494 1570 2537 Sed
1607 2497 1692 2537 hoc

22 2555 26 2590 Ῑ
85 2574 545 2630 mitterepossumus,
574 2575 632 2616 de
659 2575 821 2616 ceteris
849 2575 1099 2616 videamus.
1124 2574 1320 2616 Primum
1346 2588 1515 2628 quaero
1540 2589 1691 2616 nonne

22 2660 25 2662 ’
87 2667 170 2708 pro
201 2655 446 2709 ferebatur
477 2655 722 2709 legendum
754 2655 811 2696 sit
835 2656 1022 2709 fertur:
1058 2654 1323 2695 incredibile
1357 2656 1478 2696 enirn
1513 2656 1693 2696 videtur

87 2747 168 2789 per
219 2734 446 2795 integrum
498 2749 667 2775 annum
722 2734 998 2775 incolumem
1046 2733 1180 2774 fuisse
1230 2733 1435 2784 Flavum,
1484 2736 1692 2789 quamvis

87 2814 308 2856 eiusmodi
336 2815 393 2856 de
421 2829 476 2856 eo
504 2821 654 2856 essent
683 2829 884 2856 rumores
913 2814 984 2855 vel
1012 2815 1130 2854 inter
1157 2815 1376 2856 conscios.
1407 2815 1509 2857 Hoc
1536 2821 1690 2857 tamen

15 2876 31 2934 ’ἦ
87 2906 144 2934 ex
175 2894 576 2936 exstimulaverant
607 2909 690 2949 pro
724 2900 849 2935 certo
884 2894 1062 2934 efficere
1090 2907 1329 2947 possumus
1356 2895 1445 2935 iam
1475 2895 1584 2936 satis
1613 2896 1688 2936 diu

22 2967 27 3000 ἕ
86 2979 191 3014 ante
234 2973 345 3014 illud
386 2979 568 3027 ternpus
605 2975 650 3015 in
685 2988 739 3015 eo
774 2974 907 3015 fuisse
942 2973 1151 3013 Flavium
1186 2980 1235 3014 ut
1269 2975 1500 3016 Neronem
1533 2989 1693 3029 aggre-
