<?xml version="1.0" encoding="UTF-8"?>
<!DOCTYPE html PUBLIC "-//W3C//DTD XHTML 1.0 Transitional//EN"
    "http://www.w3.org/TR/xhtml1/DTD/xhtml1-transitional.dtd">
<html xmlns="http://www.w3.org/1999/xhtml" xml:lang="en" lang="en">
 <head>
  <title>
</title>
<meta http-equiv="Content-Type" content="text/html;charset=utf-8" />
  <meta name='ocr-system' content='tesseract 3.04.00' />
  <meta name='ocr-capabilities' content='ocr_page ocr_carea ocr_par ocr_line ocrx_word'/>
</head>
<body>
  <div class='ocr_page' id='page_1' title='image "analectatacitea00hartuoft_0227.png"; bbox 0 0 2040 3412; ppageno 0'>
   <div class='ocr_carea' id='block_1_1' title="bbox 0 0 104 1232">
    <p class='ocr_par' dir='ltr' id='par_1_1' title="bbox 0 0 104 1232">
     <span class='ocr_line' id='line_1_1' title="bbox 0 0 104 1232; baseline 0 0"><span class='ocrx_word' id='word_1_1' title='bbox 0 0 104 1232; x_wconf 95' lang='lat' dir='ltr'><em>    </em></span> 
     </span>
    </p>
   </div>
   <div class='ocr_carea' id='block_1_2' title="bbox 862 311 949 355">
    <p class='ocr_par' dir='ltr' id='par_1_2' title="bbox 862 311 949 355">
     <span class='ocr_line' id='line_1_2' title="bbox 862 311 949 355; baseline 0.023 -15"><span class='ocrx_word' id='word_1_2' title='bbox 862 311 949 355; x_wconf 91' lang='lat'><em>219</em></span> 
     </span>
    </p>
   </div>
   <div class='ocr_carea' id='block_1_3' title="bbox 18 397 1706 886">
    <p class='ocr_par' dir='ltr' id='par_1_3' title="bbox 14 397 1706 886">
     <span class='ocr_line' id='line_1_3' title="bbox 25 397 1704 471; baseline 0.013 -20"><span class='ocrx_word' id='word_1_3' title='bbox 25 397 43 454; x_wconf 38' lang='lat' dir='ltr'>s</span> <span class='ocrx_word' id='word_1_4' title='bbox 95 407 414 467; x_wconf 76' lang='lat' dir='ltr'><em>praedixisset,</em></span> <span class='ocrx_word' id='word_1_5' title='bbox 450 415 678 471; x_wconf 85' lang='lat' dir='ltr'><em>vulgoque</em></span> <span class='ocrx_word' id='word_1_6' title='bbox 712 419 770 460; x_wconf 92' lang='lat' dir='ltr'><em>ab</em></span> <span class='ocrx_word' id='word_1_7' title='bbox 803 421 1055 465; x_wconf 88' lang='lat' dir='ltr'>editoribus</span> <span class='ocrx_word' id='word_1_8' title='bbox 1083 438 1136 466; x_wconf 90' lang='lat' dir='ltr'><em>ea</em></span> <span class='ocrx_word' id='word_1_9' title='bbox 1164 427 1425 469; x_wconf 89' lang='lat' dir='ltr'><em>coniectura</em></span> <span class='ocrx_word' id='word_1_10' title='bbox 1453 429 1497 469; x_wconf 93' lang='lat' dir='ltr'><em>in</em></span> <span class='ocrx_word' id='word_1_11' title='bbox 1525 434 1704 471; x_wconf 86' lang='lat' dir='ltr'><em>textum</em></span> 
     </span>
     <span class='ocr_line' id='line_1_4' title="bbox 23 492 1706 566; baseline 0.014 -35"><span class='ocrx_word' id='word_1_12' title='bbox 23 519 40 547; x_wconf 74' lang='lat'><em>.·;</em></span> <span class='ocrx_word' id='word_1_13' title='bbox 103 492 333 547; x_wconf 86' lang='lat' dir='ltr'><strong>recipitur.</strong></span> <span class='ocrx_word' id='word_1_14' title='bbox 358 494 425 536; x_wconf 90' lang='lat' dir='ltr'><em>At</em></span> <span class='ocrx_word' id='word_1_15' title='bbox 449 509 536 550; x_wconf 92' lang='lat' dir='ltr'><em>ego</em></span> <span class='ocrx_word' id='word_1_16' title='bbox 563 497 713 540; x_wconf 93' lang='lat' dir='ltr'><em>bonae</em></span> <span class='ocrx_word' id='word_1_17' title='bbox 735 501 1029 558; x_wconf 81' lang='lat' dir='ltr'><strong>sinceraeque</strong></span> <span class='ocrx_word' id='word_1_18' title='bbox 1049 505 1311 549; x_wconf 83' lang='lat' dir='ltr'>Latinitatis</span> <span class='ocrx_word' id='word_1_19' title='bbox 1330 522 1426 550; x_wconf 89' lang='lat' dir='ltr'><em>esse</em></span> <span class='ocrx_word' id='word_1_20' title='bbox 1443 525 1494 551; x_wconf 91' lang='lat' dir='ltr'><em>ea</em></span> <span class='ocrx_word' id='word_1_21' title='bbox 1512 511 1706 566; x_wconf 79' lang='lat' dir='ltr'><em>imagine</em></span> 
     </span>
     <span class='ocr_line' id='line_1_5' title="bbox 18 555 1706 646; baseline 0.014 -35"><span class='ocrx_word' id='word_1_22' title='bbox 18 569 51 601; x_wconf 64' lang='grc'><em>’«</em></span> <span class='ocrx_word' id='word_1_23' title='bbox 71 555 74 556; x_wconf 28' lang='lat'><em>⁷</em></span> <span class='ocrx_word' id='word_1_24' title='bbox 95 573 375 627; x_wconf 84' lang='lat' dir='ltr'><em>gravitatem</em></span> <span class='ocrx_word' id='word_1_25' title='bbox 418 590 617 619; x_wconf 90' lang='lat' dir='ltr'><em>annonae</em></span> <span class='ocrx_word' id='word_1_26' title='bbox 651 582 890 634; x_wconf 76' lang='lat' dir='ltr'><em>praedixit</em></span> <span class='ocrx_word' id='word_1_27' title='bbox 931 597 1022 625; x_wconf 91' lang='lat' dir='ltr'><em>non</em></span> <span class='ocrx_word' id='word_1_28' title='bbox 1065 587 1224 637; x_wconf 87' lang='lat' dir='ltr'><em>credo,</em></span> <span class='ocrx_word' id='word_1_29' title='bbox 1270 589 1376 642; x_wconf 90' lang='lat' dir='ltr'><em>quia</em></span> <span class='ocrx_word' id='word_1_30' title='bbox 1417 604 1468 631; x_wconf 85' lang='lat' dir='ltr'><em>ea</em></span> <span class='ocrx_word' id='word_1_31' title='bbox 1510 591 1706 646; x_wconf 89' lang='lat' dir='ltr'><em>imagine</em></span> 
     </span>
     <span class='ocr_line' id='line_1_6' title="bbox 27 633 1702 726; baseline 0.014 -35"><span class='ocrx_word' id='word_1_32' title='bbox 27 633 68 706; x_wconf 39' lang='lat'><em>²52*</em></span> <span class='ocrx_word' id='word_1_33' title='bbox 103 652 236 694; x_wconf 88' lang='lat' dir='ltr'><em>nobis</em></span> <span class='ocrx_word' id='word_1_34' title='bbox 276 654 340 695; x_wconf 91' lang='lat' dir='ltr'><em>sic</em></span> <span class='ocrx_word' id='word_1_35' title='bbox 382 657 468 697; x_wconf 92' lang='lat' dir='ltr'><em>erit</em></span> <span class='ocrx_word' id='word_1_36' title='bbox 510 659 829 713; x_wconf 87' lang='lat' dir='ltr'><em>accipiendum</em></span> <span class='ocrx_word' id='word_1_37' title='bbox 874 669 924 704; x_wconf 90' lang='lat' dir='ltr'><em>ut</em></span> <span class='ocrx_word' id='word_1_38' title='bbox 967 665 1047 706; x_wconf 90' lang='lat' dir='ltr'><em>sit:</em></span> <span class='ocrx_word' id='word_1_39' title='bbox 1093 674 1285 722; x_wconf 80' lang='lat' dir='ltr'><em>propter</em></span> <span class='ocrx_word' id='word_1_40' title='bbox 1326 684 1421 711; x_wconf 91' lang='lat' dir='ltr'><em>eam</em></span> <span class='ocrx_word' id='word_1_41' title='bbox 1464 671 1702 726; x_wconf 79' lang='lat' dir='ltr'><em>imaginem</em></span> 
     </span>
     <span class='ocr_line' id='line_1_7' title="bbox 99 731 1706 806; baseline 0.014 -32.845"><span class='ocrx_word' id='word_1_42' title='bbox 99 731 220 775; x_wconf 87' lang='lat' dir='ltr'><em>sive:</em></span> <span class='ocrx_word' id='word_1_43' title='bbox 248 749 300 776; x_wconf 89' lang='lat' dir='ltr'><em>ea</em></span> <span class='ocrx_word' id='word_1_44' title='bbox 327 735 524 791; x_wconf 80' lang='lat' dir='ltr'><em>imagine</em></span> <span class='ocrx_word' id='word_1_45' title='bbox 550 748 705 791; x_wconf 84' lang='lat' dir='ltr'><em>motus,</em></span> <span class='ocrx_word' id='word_1_46' title='bbox 736 747 782 783; x_wconf 92' lang='lat' dir='ltr'><em>et</em></span> <span class='ocrx_word' id='word_1_47' title='bbox 812 745 999 786; x_wconf 92' lang='lat' dir='ltr'><em>omnino</em></span> <span class='ocrx_word' id='word_1_48' title='bbox 1027 752 1175 788; x_wconf 91' lang='lat' dir='ltr'><em>totum</em></span> <span class='ocrx_word' id='word_1_49' title='bbox 1204 748 1312 790; x_wconf 90' lang='lat' dir='ltr'><em>illud</em></span> <span class='ocrx_word' id='word_1_50' title='bbox 1331 764 1381 791; x_wconf 90' lang='lat' dir='ltr'><em>ea</em></span> <span class='ocrx_word' id='word_1_51' title='bbox 1400 753 1706 806; x_wconf 80' lang='lat' dir='ltr'><em>—praedixit</em></span> 
     </span>
     <span class='ocr_line' id='line_1_8' title="bbox 97 811 1701 886; baseline 0.014 -32.881"><span class='ocrx_word' id='word_1_52' title='bbox 97 811 364 868; x_wconf 88' lang='lat' dir='ltr'><em>languidum</em></span> <span class='ocrx_word' id='word_1_53' title='bbox 398 817 675 873; x_wconf 88' lang='lat' dir='ltr'><em>minimeque</em></span> <span class='ocrx_word' id='word_1_54' title='bbox 708 821 947 866; x_wconf 88' lang='lat' dir='ltr'><em>Taciteum</em></span> <span class='ocrx_word' id='word_1_55' title='bbox 982 826 1174 868; x_wconf 89' lang='lat' dir='ltr'><em>videtur.</em></span> <span class='ocrx_word' id='word_1_56' title='bbox 1212 829 1356 871; x_wconf 92' lang='lat' dir='ltr'><em>Multo</em></span> <span class='ocrx_word' id='word_1_57' title='bbox 1391 845 1499 886; x_wconf 88' lang='lat' dir='ltr'><em>ergo</em></span> <span class='ocrx_word' id='word_1_58' title='bbox 1529 833 1701 883; x_wconf 83' lang='lat' dir='ltr'><em>melius,</em></span> 
     </span>
    </p>
   </div>
   <div class='ocr_carea' id='block_1_4' title="bbox 46 894 1699 967">
    <p class='ocr_par' dir='ltr' id='par_1_4' title="bbox 46 894 1699 967">
     <span class='ocr_line' id='line_1_9' title="bbox 46 894 1699 967; baseline 0.014 -34"><span class='ocrx_word' id='word_1_59' title='bbox 46 903 52 908; x_wconf 75' lang='grc'>’</span> <span class='ocrx_word' id='word_1_60' title='bbox 99 894 224 948; x_wconf 92' lang='lat' dir='ltr'><em>quod</em></span> <span class='ocrx_word' id='word_1_61' title='bbox 282 899 521 952; x_wconf 86' lang='lat' dir='ltr'>proposuit</span> <span class='ocrx_word' id='word_1_62' title='bbox 579 899 944 946; x_wconf 86' lang='lat' dir='ltr'><em>Cornelissenus:</em></span> <span class='ocrx_word' id='word_1_63' title='bbox 1002 921 1135 961; x_wconf 87' lang='lat' dir='ltr'><em>eaque</em></span> <span class='ocrx_word' id='word_1_64' title='bbox 1186 910 1382 966; x_wconf 84' lang='lat' dir='ltr'><em>imagine</em></span> <span class='ocrx_word' id='word_1_65' title='bbox 1422 914 1699 967; x_wconf 81' lang='lat' dir='ltr'><em>gravitatem</em></span> 
     </span>
    </p>
   </div>
   <div class='ocr_carea' id='block_1_5' title="bbox 78 980 1699 1281">
    <p class='ocr_par' dir='ltr' id='par_1_5' title="bbox 78 980 1699 1281">
     <span class='ocr_line' id='line_1_10' title="bbox 100 980 1699 1045; baseline 0.013 -31"><span class='ocrx_word' id='word_1_66' title='bbox 100 986 299 1016; x_wconf 85' lang='lat' dir='ltr'><em>annonae</em></span> <span class='ocrx_word' id='word_1_67' title='bbox 330 980 544 1031; x_wconf 84' lang='lat' dir='ltr'><em>portendi</em></span> <span class='ocrx_word' id='word_1_68' title='bbox 576 983 895 1035; x_wconf 79' lang='lat' dir='ltr'><em>praedixisset.</em></span> <span class='ocrx_word' id='word_1_69' title='bbox 961 985 1063 1028; x_wconf 87' lang='lat' dir='ltr'><strong>Sed.</strong></span> <span class='ocrx_word' id='word_1_70' title='bbox 1096 987 1183 1030; x_wconf 90' lang='lat' dir='ltr'><em>hoc</em></span> <span class='ocrx_word' id='word_1_71' title='bbox 1227 1003 1411 1045; x_wconf 93' lang='lat' dir='ltr'><em>quoque</em></span> <span class='ocrx_word' id='word_1_72' title='bbox 1456 993 1699 1035; x_wconf 90' lang='lat' dir='ltr'><em>verbosum</em></span> 
     </span>
     <span class='ocr_line' id='line_1_11' title="bbox 99 1053 1699 1127; baseline 0.013 -33"><span class='ocrx_word' id='word_1_73' title='bbox 99 1053 247 1115; x_wconf 86' lang='lat' dir='ltr'><em>nimis,</em></span> <span class='ocrx_word' id='word_1_74' title='bbox 291 1057 480 1112; x_wconf 90' lang='lat' dir='ltr'><em>ipsaque</em></span> <span class='ocrx_word' id='word_1_75' title='bbox 521 1061 783 1104; x_wconf 90' lang='lat' dir='ltr'><em>coniectura</em></span> <span class='ocrx_word' id='word_1_76' title='bbox 826 1065 1061 1120; x_wconf 91' lang='lat' dir='ltr'><em>aliquanto</em></span> <span class='ocrx_word' id='word_1_77' title='bbox 1106 1069 1242 1110; x_wconf 90' lang='lat' dir='ltr'><em>etiam</em></span> <span class='ocrx_word' id='word_1_78' title='bbox 1287 1071 1530 1113; x_wconf 73' lang='lat' dir='ltr'><em>violentior</em></span> <span class='ocrx_word' id='word_1_79' title='bbox 1562 1087 1699 1127; x_wconf 91' lang='lat' dir='ltr'><em>quam</em></span> 
     </span>
     <span class='ocr_line' id='line_1_12' title="bbox 99 1133 1699 1203; baseline 0.012 -27"><span class='ocrx_word' id='word_1_80' title='bbox 99 1133 399 1180; x_wconf 86' lang='lat' dir='ltr'><em>Rhenaniana</em></span> <span class='ocrx_word' id='word_1_81' title='bbox 425 1138 514 1189; x_wconf 89' lang='lat' dir='ltr'><em>illa,</em></span> <span class='ocrx_word' id='word_1_82' title='bbox 543 1154 661 1194; x_wconf 90' lang='lat' dir='ltr'><em>quae</em></span> <span class='ocrx_word' id='word_1_83' title='bbox 689 1148 735 1184; x_wconf 92' lang='lat' dir='ltr'><em>et</em></span> <span class='ocrx_word' id='word_1_84' title='bbox 763 1145 860 1198; x_wconf 91' lang='lat' dir='ltr'><em>ipsa</em></span> <span class='ocrx_word' id='word_1_85' title='bbox 887 1146 996 1187; x_wconf 88' lang='lat' dir='ltr'><em>satis</em></span> <span class='ocrx_word' id='word_1_86' title='bbox 1024 1148 1189 1189; x_wconf 76' lang='lat' dir='ltr'><em>audax,</em></span> <span class='ocrx_word' id='word_1_87' title='bbox 1230 1149 1458 1203; x_wconf 89' lang='lat' dir='ltr'><em>Equidem</em></span> <span class='ocrx_word' id='word_1_88' title='bbox 1487 1152 1699 1194; x_wconf 90' lang='lat' dir='ltr'><em>Tacitum</em></span> 
     </span>
     <span class='ocr_line' id='line_1_13' title="bbox 78 1215 1698 1281; baseline 0.012 -26"><span class='ocrx_word' id='word_1_89' title='bbox 78 1215 327 1270; x_wconf 28' lang='lat' dir='ltr'><em>,scripsisse</em></span> <span class='ocrx_word' id='word_1_90' title='bbox 371 1219 556 1273; x_wconf 89' lang='lat' dir='ltr'>opinor:</span> <span class='ocrx_word' id='word_1_91' title='bbox 599 1236 779 1277; x_wconf 86' lang='lat' dir='ltr'><em>eamque</em></span> <span class='ocrx_word' id='word_1_92' title='bbox 811 1226 1050 1280; x_wconf 88' lang='lat' dir='ltr'><em>imaginem</em></span> <span class='ocrx_word' id='word_1_93' title='bbox 1083 1242 1281 1270; x_wconf 83' lang='lat' dir='ltr'><em>annonae</em></span> <span class='ocrx_word' id='word_1_94' title='bbox 1311 1231 1508 1281; x_wconf 83' lang='lat' dir='ltr'><em>dixisset,</em></span> <span class='ocrx_word' id='word_1_95' title='bbox 1545 1233 1698 1274; x_wconf 91' lang='lat' dir='ltr'><em>deleto</em></span> 
     </span>
    </p>
   </div>
   <div class='ocr_carea' id='block_1_6' title="bbox 89 1293 1697 1358">
    <p class='ocr_par' dir='ltr' id='par_1_6' title="bbox 11 1293 1697 1358">
     <span class='ocr_line' id='line_1_14' title="bbox 89 1293 1697 1358; baseline 0.011 -22.121"><span class='ocrx_word' id='word_1_96' title='bbox 89 1297 381 1351; x_wconf 84' lang='lat' dir='ltr'><em>gravitatem,</em></span> <span class='ocrx_word' id='word_1_97' title='bbox 425 1301 550 1353; x_wconf 93' lang='lat' dir='ltr'><em>quod</em></span> <span class='ocrx_word' id='word_1_98' title='bbox 595 1308 662 1343; x_wconf 91' lang='lat' dir='ltr'><em>est</em></span> <span class='ocrx_word' id='word_1_99' title='bbox 707 1293 1196 1358; x_wconf 50' lang='lat' dir='ltr'><em>vocabulum&#39;tritum</em></span> <span class='ocrx_word' id='word_1_100' title='bbox 1243 1309 1319 1351; x_wconf 92' lang='lat' dir='ltr'><em>ubi</em></span> <span class='ocrx_word' id='word_1_101' title='bbox 1354 1311 1411 1351; x_wconf 90' lang='lat' dir='ltr'><em>de</em></span> <span class='ocrx_word' id='word_1_102' title='bbox 1443 1318 1577 1353; x_wconf 90' lang='lat' dir='ltr'><em>aucto</em></span> <span class='ocrx_word' id='word_1_103' title='bbox 1611 1313 1697 1354; x_wconf 90' lang='lat' dir='ltr'><em>fru-</em></span> 
     </span>
    </p>
   </div>
   <div class='ocr_carea' id='block_1_7' title="bbox 50 1377 1698 2883">
    <p class='ocr_par' dir='ltr' id='par_1_7' title="bbox 50 1377 1698 2883">
     <span class='ocr_line' id='line_1_15' title="bbox 96 1377 1698 1442; baseline 0.012 -26"><span class='ocrx_word' id='word_1_104' title='bbox 96 1377 238 1418; x_wconf 89' lang='lat' dir='ltr'><em>menti</em></span> <span class='ocrx_word' id='word_1_105' title='bbox 281 1379 429 1432; x_wconf 90' lang='lat' dir='ltr'><em>pretio</em></span> <span class='ocrx_word' id='word_1_106' title='bbox 470 1381 620 1435; x_wconf 90' lang='lat' dir='ltr'><em>agitur</em></span> <span class='ocrx_word' id='word_1_107' title='bbox 663 1383 734 1437; x_wconf 86' lang='lat' dir='ltr'><em>(cf.</em></span> <span class='ocrx_word' id='word_1_108' title='bbox 780 1385 860 1434; x_wconf 93' lang='lat' dir='ltr'><em>VI,</em></span> <span class='ocrx_word' id='word_1_109' title='bbox 914 1399 986 1440; x_wconf 85' lang='lat'><em>13:</em></span> <span class='ocrx_word' id='word_1_110' title='bbox 1036 1389 1285 1442; x_wconf 87' lang='lat' dir='ltr'><em>„gravitate</em></span> <span class='ocrx_word' id='word_1_111' title='bbox 1328 1404 1536 1433; x_wconf 89' lang='lat' dir='ltr'><em>annonae</em></span> <span class='ocrx_word' id='word_1_112' title='bbox 1571 1393 1698 1435; x_wconf 84' lang='lat' dir='ltr'><em>iuxta</em></span> 
     </span>
     <span class='ocr_line' id='line_1_16' title="bbox 92 1456 1696 1517; baseline 0.012 -21"><span class='ocrx_word' id='word_1_113' title='bbox 92 1456 368 1500; x_wconf 88' lang='lat' dir='ltr'><em>seditionem</em></span> <span class='ocrx_word' id='word_1_114' title='bbox 410 1461 659 1517; x_wconf 90' lang='lat' dir='ltr'><em>ventum”).</em></span> <span class='ocrx_word' id='word_1_115' title='bbox 725 1464 829 1506; x_wconf 91' lang='lat' dir='ltr'><em>Non</em></span> <span class='ocrx_word' id='word_1_116' title='bbox 873 1466 1019 1508; x_wconf 89' lang='lat' dir='ltr'><em>solum</em></span> <span class='ocrx_word' id='word_1_117' title='bbox 1063 1469 1239 1510; x_wconf 91' lang='lat' dir='ltr'><em>viderat</em></span> <span class='ocrx_word' id='word_1_118' title='bbox 1282 1476 1552 1513; x_wconf 85' lang='lat' dir='ltr'><em>nocturnam</em></span> <span class='ocrx_word' id='word_1_119' title='bbox 1597 1487 1696 1515; x_wconf 91' lang='lat' dir='ltr'><em>eam</em></span> 
     </span>
     <span class='ocr_line' id='line_1_17' title="bbox 93 1536 1695 1607; baseline 0.011 -30"><span class='ocrx_word' id='word_1_120' title='bbox 93 1536 294 1591; x_wconf 78' lang='lat' dir='ltr'><em>speciem</em></span> <span class='ocrx_word' id='word_1_121' title='bbox 329 1538 474 1589; x_wconf 90' lang='lat' dir='ltr'><em>Petra,</em></span> <span class='ocrx_word' id='word_1_122' title='bbox 508 1542 588 1582; x_wconf 90' lang='lat' dir='ltr'><em>sed</em></span> <span class='ocrx_word' id='word_1_123' title='bbox 621 1543 760 1584; x_wconf 89' lang='lat' dir='ltr'><em>etiam</em></span> <span class='ocrx_word' id='word_1_124' title='bbox 793 1545 1087 1600; x_wconf 80' lang='lat' dir='ltr'><em>evulgaverat</em></span> <span class='ocrx_word' id='word_1_125' title='bbox 1115 1549 1210 1603; x_wconf 86' lang='lat' dir='ltr'><em>ipse</em></span> <span class='ocrx_word' id='word_1_126' title='bbox 1241 1550 1361 1603; x_wconf 90' lang='lat' dir='ltr'><em>(nam</em></span> <span class='ocrx_word' id='word_1_127' title='bbox 1389 1551 1590 1606; x_wconf 91' lang='lat' dir='ltr'><em>alioquin</em></span> <span class='ocrx_word' id='word_1_128' title='bbox 1619 1555 1695 1607; x_wconf 92' lang='lat' dir='ltr'><em>qui</em></span> 
     </span>
     <span class='ocr_line' id='line_1_18' title="bbox 97 1617 1694 1683; baseline 0.011 -26"><span class='ocrx_word' id='word_1_129' title='bbox 97 1617 383 1660; x_wconf 87' lang='lat' dir='ltr'><em>innotescere</em></span> <span class='ocrx_word' id='word_1_130' title='bbox 411 1622 561 1674; x_wconf 91' lang='lat' dir='ltr'><em>potuit</em></span> <span class='ocrx_word' id='word_1_131' title='bbox 590 1623 870 1666; x_wconf 88' lang='lat' dir='ltr'><em>delatoribus</em></span> <span class='ocrx_word' id='word_1_132' title='bbox 884 1625 913 1681; x_wconf 89' lang='lat'><em>?)</em></span> <span class='ocrx_word' id='word_1_133' title='bbox 942 1637 1091 1681; x_wconf 88' lang='lat' dir='ltr'><em>neque</em></span> <span class='ocrx_word' id='word_1_134' title='bbox 1120 1629 1413 1683; x_wconf 82' lang='lat' dir='ltr'><em>evulgaverat</em></span> <span class='ocrx_word' id='word_1_135' title='bbox 1440 1632 1586 1674; x_wconf 86' lang='lat' dir='ltr'><em>solum</em></span> <span class='ocrx_word' id='word_1_136' title='bbox 1614 1635 1694 1675; x_wconf 91' lang='lat' dir='ltr'><em>sed</em></span> 
     </span>
     <span class='ocr_line' id='line_1_19' title="bbox 97 1697 1697 1759; baseline 0.011 -22"><span class='ocrx_word' id='word_1_137' title='bbox 97 1697 236 1738; x_wconf 89' lang='lat' dir='ltr'><em>etiam</em></span> <span class='ocrx_word' id='word_1_138' title='bbox 269 1698 402 1740; x_wconf 89' lang='lat' dir='ltr'><em>simul</em></span> <span class='ocrx_word' id='word_1_139' title='bbox 428 1700 492 1742; x_wconf 89' lang='lat' dir='ltr'><em>ita</em></span> <span class='ocrx_word' id='word_1_140' title='bbox 520 1708 617 1743; x_wconf 89' lang='lat' dir='ltr'><em>erat</em></span> <span class='ocrx_word' id='word_1_141' title='bbox 644 1703 972 1759; x_wconf 88' lang='lat' dir='ltr'><em>interpretatus</em></span> <span class='ocrx_word' id='word_1_142' title='bbox 1000 1702 1057 1749; x_wconf 90' lang='lat' dir='ltr'><em>ut</em></span> <span class='ocrx_word' id='word_1_143' title='bbox 1077 1709 1384 1752; x_wconf 90' lang='lat' dir='ltr'><em>infaustissimi</em></span> <span class='ocrx_word' id='word_1_144' title='bbox 1413 1713 1576 1754; x_wconf 90' lang='lat' dir='ltr'><em>ominis</em></span> <span class='ocrx_word' id='word_1_145' title='bbox 1604 1714 1697 1755; x_wconf 91' lang='lat' dir='ltr'><em>vim</em></span> 
     </span>
     <span class='ocr_line' id='line_1_20' title="bbox 50 1762 1696 1844; baseline 0.012 -28"><span class='ocrx_word' id='word_1_146' title='bbox 50 1762 58 1765; x_wconf 12' lang='grc' dir='ltr'><em>η’</em></span> <span class='ocrx_word' id='word_1_147' title='bbox 93 1774 298 1819; x_wconf 83' lang='lat' dir='ltr'><em>haberet.</em></span> <span class='ocrx_word' id='word_1_148' title='bbox 350 1779 535 1822; x_wconf 91' lang='lat' dir='ltr'><em>Etenim</em></span> <span class='ocrx_word' id='word_1_149' title='bbox 560 1782 604 1822; x_wconf 44' lang='lat' dir='ltr'><em>&lt;si</em></span> <span class='ocrx_word' id='word_1_150' title='bbox 638 1783 789 1838; x_wconf 83' lang='lat' dir='ltr'><em>imago</em></span> <span class='ocrx_word' id='word_1_151' title='bbox 823 1785 898 1827; x_wconf 91' lang='lat' dir='ltr'><em>illa</em></span> <span class='ocrx_word' id='word_1_152' title='bbox 932 1787 1107 1830; x_wconf 85' lang='lat' dir='ltr'><em>Claudii</em></span> <span class='ocrx_word' id='word_1_153' title='bbox 1142 1791 1294 1844; x_wconf 88' lang='lat' dir='ltr'><em>spicea</em></span> <span class='ocrx_word' id='word_1_154' title='bbox 1327 1805 1496 1834; x_wconf 89' lang='lat' dir='ltr'><em>corona</em></span> <span class='ocrx_word' id='word_1_155' title='bbox 1529 1794 1696 1835; x_wconf 90' lang='lat' dir='ltr'><em>evincti</em></span> 
     </span>
     <span class='ocr_line' id='line_1_21' title="bbox 91 1856 1696 1926; baseline 0.012 -29"><span class='ocrx_word' id='word_1_156' title='bbox 91 1856 149 1898; x_wconf 85' lang='lat' dir='ltr'><em>ad</em></span> <span class='ocrx_word' id='word_1_157' title='bbox 181 1870 412 1903; x_wconf 88' lang='lat' dir='ltr'><em>annonam</em></span> <span class='ocrx_word' id='word_1_158' title='bbox 447 1861 684 1905; x_wconf 89' lang='lat' dir='ltr'><em>referenda</em></span> <span class='ocrx_word' id='word_1_159' title='bbox 716 1871 799 1915; x_wconf 90' lang='lat' dir='ltr'><em>est,</em></span> <span class='ocrx_word' id='word_1_160' title='bbox 827 1869 1100 1920; x_wconf 89' lang='lat' dir='ltr'><em>gravitatem</em></span> <span class='ocrx_word' id='word_1_161' title='bbox 1130 1871 1459 1926; x_wconf 88' lang='lat' dir='ltr'><em>caritatemque</em></span> <span class='ocrx_word' id='word_1_162' title='bbox 1487 1888 1696 1916; x_wconf 90' lang='lat' dir='ltr'><em>annonae</em></span> 
     </span>
     <span class='ocr_line' id='line_1_22' title="bbox 90 1937 1695 2007; baseline 0.012 -30"><span class='ocrx_word' id='word_1_163' title='bbox 90 1949 145 1977; x_wconf 87' lang='lat' dir='ltr'><em>ea</em></span> <span class='ocrx_word' id='word_1_164' title='bbox 175 1937 418 1992; x_wconf 88' lang='lat' dir='ltr'><em>significari</em></span> <span class='ocrx_word' id='word_1_165' title='bbox 451 1948 615 1996; x_wconf 90' lang='lat' dir='ltr'><em>sponte</em></span> <span class='ocrx_word' id='word_1_166' title='bbox 649 1946 866 1998; x_wconf 90' lang='lat' dir='ltr'><em>sequitur,</em></span> <span class='ocrx_word' id='word_1_167' title='bbox 900 1948 1125 2001; x_wconf 88' lang='lat' dir='ltr'><em>siquidem</em></span> <span class='ocrx_word' id='word_1_168' title='bbox 1158 1964 1353 1993; x_wconf 89' lang='lat' dir='ltr'><em>coronae</em></span> <span class='ocrx_word' id='word_1_169' title='bbox 1386 1954 1540 2007; x_wconf 88' lang='lat' dir='ltr'><em>spicae</em></span> <span class='ocrx_word' id='word_1_170' title='bbox 1573 1963 1695 1997; x_wconf 81' lang='lat' dir='ltr'><em>retro</em></span> 
     </span>
     <span class='ocr_line' id='line_1_23' title="bbox 89 2022 1695 2077; baseline 0.012 -19"><span class='ocrx_word' id='word_1_171' title='bbox 89 2030 336 2061; x_wconf 86' lang='lat' dir='ltr'><em>conversae</em></span> <span class='ocrx_word' id='word_1_172' title='bbox 361 2027 504 2063; x_wconf 88' lang='lat' dir='ltr'><em>erant.</em></span> <span class='ocrx_word' id='word_1_173' title='bbox 539 2022 585 2065; x_wconf 84' lang='lat' dir='ltr'><em>Si</em></span> <span class='ocrx_word' id='word_1_174' title='bbox 612 2031 794 2066; x_wconf 88' lang='lat' dir='ltr'><em>narrato</em></span> <span class='ocrx_word' id='word_1_175' title='bbox 813 2029 990 2069; x_wconf 90' lang='lat' dir='ltr'><em>somnio</em></span> <span class='ocrx_word' id='word_1_176' title='bbox 1008 2028 1095 2070; x_wconf 89' lang='lat' dir='ltr'><em>hoc</em></span> <span class='ocrx_word' id='word_1_177' title='bbox 1114 2030 1260 2072; x_wconf 91' lang='lat' dir='ltr'><em>solum</em></span> <span class='ocrx_word' id='word_1_178' title='bbox 1277 2033 1478 2074; x_wconf 91' lang='lat' dir='ltr'><em>addidit:</em></span> <span class='ocrx_word' id='word_1_179' title='bbox 1497 2048 1695 2077; x_wconf 81' lang='lat' dir='ltr'><em>annonae</em></span> 
     </span>
     <span class='ocr_line' id='line_1_24' title="bbox 90 2097 1692 2169; baseline 0.011 -30"><span class='ocrx_word' id='word_1_180' title='bbox 90 2097 239 2154; x_wconf 88' lang='lat' dir='ltr'><em>imago</em></span> <span class='ocrx_word' id='word_1_181' title='bbox 269 2114 320 2142; x_wconf 89' lang='lat' dir='ltr'><em>ea</em></span> <span class='ocrx_word' id='word_1_182' title='bbox 352 2109 428 2152; x_wconf 88' lang='lat' dir='ltr'><em>est,</em></span> <span class='ocrx_word' id='word_1_183' title='bbox 463 2110 509 2145; x_wconf 92' lang='lat' dir='ltr'><em>et</em></span> <span class='ocrx_word' id='word_1_184' title='bbox 542 2106 780 2160; x_wconf 90' lang='lat' dir='ltr'><em>perspicue</em></span> <span class='ocrx_word' id='word_1_185' title='bbox 814 2109 923 2149; x_wconf 89' lang='lat' dir='ltr'><em>satis</em></span> <span class='ocrx_word' id='word_1_186' title='bbox 956 2115 1024 2150; x_wconf 92' lang='lat' dir='ltr'><em>est</em></span> <span class='ocrx_word' id='word_1_187' title='bbox 1056 2110 1235 2153; x_wconf 89' lang='lat' dir='ltr'><em>locutus</em></span> <span class='ocrx_word' id='word_1_188' title='bbox 1269 2119 1315 2154; x_wconf 90' lang='lat' dir='ltr'><em>et</em></span> <span class='ocrx_word' id='word_1_189' title='bbox 1348 2114 1392 2154; x_wconf 92' lang='lat' dir='ltr'><em>id</em></span> <span class='ocrx_word' id='word_1_190' title='bbox 1428 2115 1544 2155; x_wconf 83' lang='lat' dir='ltr'><em>dixit</em></span> <span class='ocrx_word' id='word_1_191' title='bbox 1568 2117 1692 2169; x_wconf 92' lang='lat' dir='ltr'><em>quod</em></span> 
     </span>
     <span class='ocr_line' id='line_1_25' title="bbox 92 2176 1693 2247; baseline 0.012 -29"><span class='ocrx_word' id='word_1_192' title='bbox 92 2176 307 2221; x_wconf 88' lang='lat' dir='ltr'><em>Claudius</em></span> <span class='ocrx_word' id='word_1_193' title='bbox 334 2194 426 2223; x_wconf 93' lang='lat' dir='ltr'><em>non</em></span> <span class='ocrx_word' id='word_1_194' title='bbox 455 2197 589 2238; x_wconf 88' lang='lat' dir='ltr'><em>aegre</em></span> <span class='ocrx_word' id='word_1_195' title='bbox 618 2186 733 2228; x_wconf 90' lang='lat' dir='ltr'><em>ferre</em></span> <span class='ocrx_word' id='word_1_196' title='bbox 761 2202 851 2229; x_wconf 91' lang='lat' dir='ltr'><em>non</em></span> <span class='ocrx_word' id='word_1_197' title='bbox 881 2196 1058 2243; x_wconf 90' lang='lat' dir='ltr'><em>posset:</em></span> <span class='ocrx_word' id='word_1_198' title='bbox 1088 2205 1193 2232; x_wconf 89' lang='lat' dir='ltr'><em>nam</em></span> <span class='ocrx_word' id='word_1_199' title='bbox 1222 2193 1433 2247; x_wconf 89' lang='lat' dir='ltr'><em>cuiquam</em></span> <span class='ocrx_word' id='word_1_200' title='bbox 1460 2209 1507 2236; x_wconf 89' lang='lat' dir='ltr'><em>se</em></span> <span class='ocrx_word' id='word_1_201' title='bbox 1526 2196 1693 2238; x_wconf 89' lang='lat' dir='ltr'><em>civium</em></span> 
     </span>
     <span class='ocr_line' id='line_1_26' title="bbox 93 2258 1692 2329; baseline 0.013 -31"><span class='ocrx_word' id='word_1_202' title='bbox 93 2258 375 2302; x_wconf 87' lang='lat' dir='ltr'><em>tristissimae</em></span> <span class='ocrx_word' id='word_1_203' title='bbox 418 2264 480 2304; x_wconf 94' lang='lat' dir='ltr'><em>rei</em></span> <span class='ocrx_word' id='word_1_204' title='bbox 526 2267 735 2308; x_wconf 89' lang='lat' dir='ltr'><em>nuntium</em></span> <span class='ocrx_word' id='word_1_205' title='bbox 778 2270 1041 2323; x_wconf 89' lang='lat' dir='ltr'><em>apparuisse</em></span> <span class='ocrx_word' id='word_1_206' title='bbox 1085 2285 1187 2313; x_wconf 91' lang='lat' dir='ltr'><em>cum</em></span> <span class='ocrx_word' id='word_1_207' title='bbox 1226 2273 1383 2315; x_wconf 89' lang='lat' dir='ltr'><em>dolore</em></span> <span class='ocrx_word' id='word_1_208' title='bbox 1416 2289 1692 2329; x_wconf 88' lang='lat' dir='ltr'><em>cognoscere</em></span> 
     </span>
     <span class='ocr_line' id='line_1_27' title="bbox 92 2338 1694 2404; baseline 0.013 -26"><span class='ocrx_word' id='word_1_209' title='bbox 92 2338 306 2390; x_wconf 84' lang='lat' dir='ltr'><em>debebat,</em></span> <span class='ocrx_word' id='word_1_210' title='bbox 341 2355 443 2383; x_wconf 91' lang='lat' dir='ltr'><em>cum</em></span> <span class='ocrx_word' id='word_1_211' title='bbox 478 2347 745 2398; x_wconf 89' lang='lat' dir='ltr'><em>praesertim</em></span> <span class='ocrx_word' id='word_1_212' title='bbox 780 2354 879 2390; x_wconf 92' lang='lat' dir='ltr'><em>tota</em></span> <span class='ocrx_word' id='word_1_213' title='bbox 912 2364 981 2391; x_wconf 90' lang='lat' dir='ltr'><em>res</em></span> <span class='ocrx_word' id='word_1_214' title='bbox 1014 2352 1237 2394; x_wconf 90' lang='lat' dir='ltr'><em>eiusmodi</em></span> <span class='ocrx_word' id='word_1_215' title='bbox 1271 2361 1401 2404; x_wconf 88' lang='lat' dir='ltr'><em>esset,</em></span> <span class='ocrx_word' id='word_1_216' title='bbox 1433 2362 1481 2396; x_wconf 94' lang='lat' dir='ltr'><em>ut</em></span> <span class='ocrx_word' id='word_1_217' title='bbox 1508 2356 1638 2398; x_wconf 84' lang='lat' dir='ltr'><em>facile</em></span> <span class='ocrx_word' id='word_1_218' title='bbox 1667 2372 1694 2399; x_wconf 91' lang='lat' dir='ltr'><em>a</em></span> 
     </span>
     <span class='ocr_line' id='line_1_28' title="bbox 91 2418 1690 2491; baseline 0.013 -32"><span class='ocrx_word' id='word_1_219' title='bbox 91 2418 300 2474; x_wconf 86' lang='lat' dir='ltr'><em>malignis</em></span> <span class='ocrx_word' id='word_1_220' title='bbox 323 2422 368 2463; x_wconf 94' lang='lat' dir='ltr'><em>in</em></span> <span class='ocrx_word' id='word_1_221' title='bbox 387 2423 535 2477; x_wconf 89' lang='lat' dir='ltr'><em>ipsum</em></span> <span class='ocrx_word' id='word_1_222' title='bbox 554 2432 709 2479; x_wconf 90' lang='lat' dir='ltr'><em>posset</em></span> <span class='ocrx_word' id='word_1_223' title='bbox 727 2431 933 2471; x_wconf 90' lang='lat' dir='ltr'><em>converti</em></span> <span class='ocrx_word' id='word_1_224' title='bbox 952 2431 1218 2474; x_wconf 87' lang='lat' dir='ltr'><em>instantium</em></span> <span class='ocrx_word' id='word_1_225' title='bbox 1237 2435 1515 2477; x_wconf 88' lang='lat' dir='ltr'><em>miseriarum</em></span> <span class='ocrx_word' id='word_1_226' title='bbox 1535 2437 1690 2491; x_wconf 88' lang='lat' dir='ltr'><em>culpa!</em></span> 
     </span>
     <span class='ocr_line' id='line_1_29' title="bbox 147 2498 1689 2568; baseline 0.013 -29"><span class='ocrx_word' id='word_1_227' title='bbox 147 2498 207 2540; x_wconf 88' lang='lat' dir='ltr'><em>A.</em></span> <span class='ocrx_word' id='word_1_228' title='bbox 241 2500 322 2551; x_wconf 94' lang='lat' dir='ltr'><em>XI,</em></span> <span class='ocrx_word' id='word_1_229' title='bbox 358 2513 397 2557; x_wconf 91' lang='lat'><em>7.</em></span> <span class='ocrx_word' id='word_1_230' title='bbox 433 2503 543 2546; x_wconf 88' lang='lat' dir='ltr'><em>Silio</em></span> <span class='ocrx_word' id='word_1_231' title='bbox 577 2507 775 2557; x_wconf 90' lang='lat' dir='ltr'><em>consule,</em></span> <span class='ocrx_word' id='word_1_232' title='bbox 811 2505 1148 2553; x_wconf 88' lang='lat' dir='ltr'><em>utdelatorum</em></span> <span class='ocrx_word' id='word_1_233' title='bbox 1178 2514 1413 2557; x_wconf 91' lang='lat' dir='ltr'><em>cohiberet</em></span> <span class='ocrx_word' id='word_1_234' title='bbox 1437 2516 1689 2568; x_wconf 89' lang='lat' dir='ltr'><em>libidinem,</em></span> 
     </span>
     <span class='ocr_line' id='line_1_30' title="bbox 86 2578 1689 2652; baseline 0.013 -33"><span class='ocrx_word' id='word_1_235' title='bbox 86 2578 143 2619; x_wconf 88' lang='lat' dir='ltr'><em>de</em></span> <span class='ocrx_word' id='word_1_236' title='bbox 169 2580 429 2635; x_wconf 87' lang='lat' dir='ltr'><em>reducenda</em></span> <span class='ocrx_word' id='word_1_237' title='bbox 446 2583 546 2638; x_wconf 91' lang='lat' dir='ltr'><em>lege</em></span> <span class='ocrx_word' id='word_1_238' title='bbox 566 2585 721 2627; x_wconf 91' lang='lat' dir='ltr'><em>Cineia</em></span> <span class='ocrx_word' id='word_1_239' title='bbox 740 2588 975 2639; x_wconf 87' lang='lat' dir='ltr'><em>referente,</em></span> <span class='ocrx_word' id='word_1_240' title='bbox 998 2590 1191 2643; x_wconf 83' lang='lat' dir='ltr'><em>Suillius,</em></span> <span class='ocrx_word' id='word_1_241' title='bbox 1212 2594 1504 2638; x_wconf 88' lang='lat' dir='ltr'><em>Cossutianus</em></span> <span class='ocrx_word' id='word_1_242' title='bbox 1522 2597 1689 2652; x_wconf 91' lang='lat' dir='ltr'><em>aliique</em></span> 
     </span>
     <span class='ocr_line' id='line_1_31' title="bbox 85 2657 1685 2731; baseline 0.014 -33"><span class='ocrx_word' id='word_1_243' title='bbox 85 2657 449 2712; x_wconf 87' lang='lat' dir='ltr'><em>calumniatores,</em></span> <span class='ocrx_word' id='word_1_244' title='bbox 483 2678 680 2718; x_wconf 90' lang='lat' dir='ltr'><em>poenam</em></span> <span class='ocrx_word' id='word_1_245' title='bbox 714 2667 798 2709; x_wconf 89' lang='lat' dir='ltr'><em>sibi</em></span> <span class='ocrx_word' id='word_1_246' title='bbox 829 2668 913 2710; x_wconf 91' lang='lat' dir='ltr'><em>hac</em></span> <span class='ocrx_word' id='word_1_247' title='bbox 941 2670 1161 2713; x_wconf 91' lang='lat' dir='ltr'><em>relatione</em></span> <span class='ocrx_word' id='word_1_248' title='bbox 1190 2676 1337 2727; x_wconf 87' lang='lat' dir='ltr'><em>parari</em></span> <span class='ocrx_word' id='word_1_249' title='bbox 1367 2676 1685 2731; x_wconf 85' lang='lat' dir='ltr'><em>intelligenteS,</em></span> 
     </span>
     <span class='ocr_line' id='line_1_32' title="bbox 85 2740 1687 2814; baseline 0.013 -34"><span class='ocrx_word' id='word_1_250' title='bbox 85 2740 249 2782; x_wconf 89' lang='lat' dir='ltr'><em>acriter</em></span> <span class='ocrx_word' id='word_1_251' title='bbox 265 2741 507 2786; x_wconf 86' lang='lat' dir='ltr'><em>obsistunt.</em></span> <span class='ocrx_word' id='word_1_252' title='bbox 527 2745 733 2799; x_wconf 79' lang='lat' dir='ltr'><em>Quorum</em></span> <span class='ocrx_word' id='word_1_253' title='bbox 761 2751 1016 2793; x_wconf 88' lang='lat' dir='ltr'><em>orationem</em></span> <span class='ocrx_word' id='word_1_254' title='bbox 1035 2754 1097 2794; x_wconf 90' lang='lat' dir='ltr'><em>sic</em></span> <span class='ocrx_word' id='word_1_255' title='bbox 1117 2753 1282 2796; x_wconf 88' lang='lat' dir='ltr'><em>referre</em></span> <span class='ocrx_word' id='word_1_256' title='bbox 1301 2756 1486 2799; x_wconf 88' lang='lat' dir='ltr'><em>Tacitus</em></span> <span class='ocrx_word' id='word_1_257' title='bbox 1503 2759 1687 2814; x_wconf 84' lang='lat' dir='ltr'><em>incipit:</em></span> 
     </span>
     <span class='ocr_line' id='line_1_33' title="bbox 151 2819 1687 2883; baseline 0.014 -22"><span class='ocrx_word' id='word_1_258' title='bbox 151 2819 326 2874; x_wconf 82' lang='lat' dir='ltr'><em>„Quem</em></span> <span class='ocrx_word' id='word_1_259' title='bbox 369 2823 495 2866; x_wconf 92' lang='lat' dir='ltr'><em>illum</em></span> <span class='ocrx_word' id='word_1_260' title='bbox 537 2831 666 2868; x_wconf 89' lang='lat' dir='ltr'><em>tanta</em></span> <span class='ocrx_word' id='word_1_261' title='bbox 708 2830 922 2883; x_wconf 91' lang='lat' dir='ltr'><em>superbia</em></span> <span class='ocrx_word' id='word_1_262' title='bbox 965 2846 1063 2874; x_wconf 84' lang='lat' dir='ltr'><em>esse</em></span> <span class='ocrx_word' id='word_1_263' title='bbox 1105 2840 1154 2875; x_wconf 94' lang='lat' dir='ltr'><em>ut</em></span> <span class='ocrx_word' id='word_1_264' title='bbox 1187 2838 1506 2879; x_wconf 91' lang='lat' dir='ltr'><em>aeternitatem</em></span> <span class='ocrx_word' id='word_1_265' title='bbox 1540 2839 1687 2881; x_wconf 86' lang='lat' dir='ltr'><em>famae</em></span> 
     </span>
    </p>
   </div>
   <div class='ocr_carea' id='block_1_8' title="bbox 86 2904 1689 3039">
    <p class='ocr_par' dir='ltr' id='par_1_8' title="bbox 86 2904 1689 3039">
     <span class='ocr_line' id='line_1_34' title="bbox 86 2904 1689 2975; baseline 0.013 -34"><span class='ocrx_word' id='word_1_266' title='bbox 86 2913 167 2955; x_wconf 88' lang='lat' dir='ltr'><em>spe</em></span> <span class='ocrx_word' id='word_1_267' title='bbox 195 2904 483 2955; x_wconf 86' lang='lat' dir='ltr'><em>praesumat?</em></span> <span class='ocrx_word' id='word_1_268' title='bbox 513 2906 625 2948; x_wconf 91' lang='lat' dir='ltr'><em>Usui</em></span> <span class='ocrx_word' id='word_1_269' title='bbox 654 2913 700 2948; x_wconf 93' lang='lat' dir='ltr'><em>et</em></span> <span class='ocrx_word' id='word_1_270' title='bbox 729 2909 863 2950; x_wconf 85' lang='lat' dir='ltr'><em>rebus</em></span> <span class='ocrx_word' id='word_1_271' title='bbox 890 2911 1141 2955; x_wconf 89' lang='lat' dir='ltr'><em>subsidium</em></span> <span class='ocrx_word' id='word_1_272' title='bbox 1161 2917 1322 2969; x_wconf 89' lang='lat' dir='ltr'><em>parari,</em></span> <span class='ocrx_word' id='word_1_273' title='bbox 1341 2931 1397 2959; x_wconf 92' lang='lat' dir='ltr'><em>ne</em></span> <span class='ocrx_word' id='word_1_274' title='bbox 1416 2919 1515 2972; x_wconf 88' lang='lat' dir='ltr'><em>quis</em></span> <span class='ocrx_word' id='word_1_275' title='bbox 1533 2920 1689 2975; x_wconf 91' lang='lat' dir='ltr'><em>inopia</em></span> 
     </span>
     <span class='ocr_line' id='line_1_35' title="bbox 87 2977 1111 3039; baseline 0.013 -18"><span class='ocrx_word' id='word_1_276' title='bbox 87 2977 414 3025; x_wconf 89' lang='lat' dir='ltr'><em>advocatorum</em></span> <span class='ocrx_word' id='word_1_277' title='bbox 449 2987 716 3039; x_wconf 90' lang='lat' dir='ltr'><em>potentibus</em></span> <span class='ocrx_word' id='word_1_278' title='bbox 749 2989 976 3032; x_wconf 86' lang='lat' dir='ltr'><em>obnoxius</em></span> <span class='ocrx_word' id='word_1_279' title='bbox 1009 2993 1111 3034; x_wconf 89' lang='lat' dir='ltr'><em>sit.&#39;’</em></span> 
     </span>
    </p>
   </div>
  </div>
 </body>
</html>
