2040 3412
1091 287 1170 327 128

391 405 480 459 „ibi
511 406 695 446 demum
728 406 962 460 cognoscit
993 406 1217 448 sollertius
1249 407 1589 462 interrogatum,
1622 408 1838 469 quisnam—5

327 491 409 535 ret,
443 486 610 527 dixisse
643 485 706 526 M.
741 485 895 528 Silano
929 487 1132 541 genitum
1165 492 1212 528 et
1245 487 1397 529 multis
1428 493 1704 530 sectatorum
1736 487 1829 539 dila

326 565 582 606 ascendisse
615 579 793 615 navem,
827 571 1060 620 tamquam
1094 566 1271 608 Italiam
1305 566 1525 622 peteret”.

387 643 511 699 QuiS,
557 641 738 699 quaeso,
783 646 1008 688 sollertius
1048 647 1345 701 impostorem
1378 646 1711 702 interrogavit?
1734 646 1826 703 Opi

329 725 616 779 magistratus
643 725 817 780 aliquis,
846 726 903 767 ad
929 740 1065 780 quem
1093 726 1166 767 ille
1194 727 1442 781 prehensus
1463 733 1510 768 et
1526 732 1739 769 oneratus
1755 729 1829 782 cat

329 811 446 846 esset
478 806 716 847 adductus.
750 805 838 860 Qui
872 820 980 860 ergo
1013 807 1285 861 supplicium
1313 806 1495 862 effugit?
1523 807 1638 850 Illud
1667 820 1775 850 vero
1800 817 1833 863 q

329 885 450 931 hisce
478 887 689 940 adiungit
722 886 928 928 Tacitus,

393 965 699 1020 „Scripsitque
748 966 861 1007 haec
908 966 1108 1017 Tiberio,
1153 953 1300 1022 neque
1345 981 1426 1010 nos
1468 967 1688 1022 originem
1730 965 1905 1017 finemve

328 1046 423 1086 eius
456 1046 518 1087 rei
552 1045 668 1087 ultra
699 1046 1031 1101 comperimus”

388 1126 524 1167 risum
553 1132 721 1176 movet,
748 1127 793 1167 in
823 1132 1114 1181 mentemque
1137 1133 1321 1169 revocat
1343 1128 1487 1178 nobis,
1510 1108 1627 1182 quae
1648 1126 1869 1185 lepidissi
1887 1127 1890 1130 ’

328 1205 486 1261 Cicero
519 1206 618 1260 (pro
651 1206 806 1248 Caelio
838 1206 951 1261 §65)
985 1207 1158 1249 iocatus
1190 1213 1259 1250 est
1286 1209 1342 1250 de
1370 1209 1509 1250 mimo
1535 1209 1581 1250 in
1606 1222 1700 1263 ,quo
1725 1207 1835 1256 clau·

329 1300 419 1327 non
452 1286 692 1327 invenitur.
723 1286 908 1328 Naeniis
935 1300 1118 1342 quoque
1145 1301 1386 1342 puerorum
1416 1294 1550 1344 aptae
1577 1293 1682 1333 sunt
1708 1268 1849 1336 obseu

329 1367 550 1408 eiusmodi
579 1367 795 1421 exituque
824 1373 1030 1409 carentes
1057 1369 1430 1419 narratiunculae,
1459 1383 1550 1411 non
1575 1370 1702 1424 gravi
1723 1369 1843 1418 histo

331 1461 428 1488 rum
461 1446 592 1488 libro.

391 1526 448 1568 A.
485 1527 565 1576 VI,
602 1537 639 1568 2.
681 1527 843 1568 Punito
877 1527 965 1569 iam
1000 1527 1165 1570 Seiano
1199 1529 1448 1584 punitaque
1479 1543 1622 1571 uxore
1654 1529 1757 1575 eius,
1779 1527 1837 1579 Li

329 1613 483 1648 tamen
524 1612 769 1657 senatores,
813 1613 861 1648 ut
903 1607 1072 1650 Tiberii
1105 1609 1271 1650 inirent
1302 1610 1509 1663 gratiam,
1542 1615 1730 1655 atroces>
1750 1608 1843 1654 iit-i

329 1687 621 1741 proferebant
653 1688 925 1729 sententias:
970 1722 974 1726 .
1811 1735 1814 1738 .

393 1766 684 1821 „Scipiones”
726 1767 788 1808 ait
831 1767 1016 1809 Tacitus
1065 1773 1136 1821 „et
1179 1767 1404 1810 Silani-et
1437 1767 1577 1811 Cassii
1609 1769 1754 1812 isdem
1784 1767 1827 1811 fe

327 1852 405 1888 aut
438 1846 621 1901 paulurn
655 1847 904 1888 immutatis
937 1848 1087 1889 verbis
1119 1849 1464 1890 adseveratione
1496 1830 1638 1892 multa
1663 1848 1860 1898 censeba

330 1940 432 1968 cum
463 1932 650 1981 repente
678 1926 915 1981 Togonius,
939 1926 1105 1977 Gallus,
1130 1928 1238 1969 dum
1256 1928 1588 1982 ignobilitatem
1607 1943 1769 1980 suam.=
1808 1960 1813 1964 «

331 2007 590 2048 nominibus
612 1996 799 2056 inserit,
843 2020 924 2061 per
966 2007 1264 2049 deridiculum
1296 2008 1490 2050 auditur.
1524 2009 1642 2051 Nam
1674 2010 1818 2065 princi

331 2087 492 2128 orabat
524 2086 723 2141 deligere
755 2092 1000 2136 senatores,
1035 2101 1093 2128 ex
1125 2088 1225 2141 quis
1252 2088 1410 2142 viginti
1438 2094 1558 2130 sorte
1586 2089 1710 2131 ducti
1737 2094 1785 2133 et
1809 2088 1877 2145 fe
1913 2122 1955 2150 „2--1

331 2168 535 2216 accincti,
581 2167 791 2222 quotiens
828 2167 996 2208 curiam
1036 2168 1205 2217 inisset,
1237 2168 1427 2210 salutem
1460 2170 1555 2210 eius
1587 2169 1832 2219 defendere
1871 2153 1883 2159 Ἄ

334 2284 338 2287 ,
393 2246 514 2301 Quid
561 2247 646 2288 sibi
696 2247 790 2288 vult
839 2248 924 2288 ista
969 2247 1227 2302 oppositio?
1255 2249 1527 2303 -Indignum,
1570 2249 1799 2305 profecto,

329 2327 639 2382 spectaculum
692 2327 898 2368 homines
944 2341 1122 2369 summo
1169 2327 1301 2369 loco
1319 2334 1451 2370 natos
1495 2335 1591 2371 tam
1637 2329 1830 2379 abiecta·

329 2407 611 2457 adulatione3
646 2413 692 2448 at
724 2407 760 2448 si
793 2407 931 2449 homo
964 2407 1174 2463 ignobilis
1206 2408 1328 2449 idem
1361 2408 1480 2458 facit,
1516 2409 1780 2464 aliquanto
1779 2408 1843 2452 mi
1889 2464 1894 2466 4

330 2488 566 2542 indignum
609 2487 659 2528 fit
697 2487 832 2528 idem.
868 2487 969 2528 Hoc
1002 2492 1155 2528 tamen
1190 2488 1337 2529 minus
1369 2489 1506 2530 etiam
1539 2503 1564 2530 e
1597 2489 1744 2532 Taciti
1775 2482 1905 2538 veri}

330 2573 522 2621 apparet
554 2567 663 2620 quid
696 2566 871 2608 ridiculi
906 2566 1114 2607 habuerit
1145 2567 1341 2621 Togonii
1373 2569 1614 2610 sententia.
1649 2569 1830 2618 Melius

332 2647 420 2688 Dio
464 2646 761 2700 Cassius(58,
802 2646 868 2700 17)
902 2646 1064 2687 edocet
1097 2647 1406 2689 observando:
1445 2649 1533 2701 „sic
1566 2648 1845 2699 efficiebatur

331 2728 547 2783 adversus
574 2727 716 2781 ipsum
742 2734 940 2768 senatum
969 2732 1092 2767 tutus
1121 2733 1238 2767 esset
1265 2727 1515 2777 Tiberius”.
1540 2729 1600 2770 Et
1620 2741 1793 2780 revera,
1809 2742 1857 2775 ει

333 2807 421 2865 Dio
454 2806 631 2848 Cassius
663 2811 808 2848 totam
842 2805 957 2847 hanc
991 2819 1085 2847 rem
1118 2806 1271 2858 tradit,
1299 2808 1343 2848 in
1371 2821 1425 2849 ea
1451 2809 1558 2862 satis
1586 2809 1703 2860 inest
1729 2809 1840 2851 ridie

331 2886 368 2926 is
395 2886 515 2927 enim
544 2900 700 2927 revera
726 2886 780 2927 ab
807 2886 901 2940 ipso
925 2893 1077 2927 senatu
1103 2886 1323 2928 decretum
1350 2901 1446 2929 esse
1470 2894 1621 2930 narrat
1638 2894 1688 2930 ut
1704 2889 1906 2941 eiusilnst}⁴

332 2967 605 3020 praesidium
648 2966 832 3006 Tiberio
875 2965 1180 3020 praeberetur.
1226 2966 1341 3016 Hoc,
1386 2973 1433 3008 ut
1476 2968 1651 3023 opinor,
1691 2961 1902 3017 ridiculss
