<?xml version="1.0" encoding="UTF-8"?>
<!DOCTYPE html PUBLIC "-//W3C//DTD XHTML 1.0 Transitional//EN"
    "http://www.w3.org/TR/xhtml1/DTD/xhtml1-transitional.dtd">
<html xmlns="http://www.w3.org/1999/xhtml" xml:lang="en" lang="en">
 <head>
  <title>
</title>
<meta http-equiv="Content-Type" content="text/html;charset=utf-8" />
  <meta name='ocr-system' content='tesseract 3.04.00' />
  <meta name='ocr-capabilities' content='ocr_page ocr_carea ocr_par ocr_line ocrx_word'/>
</head>
<body>
  <div class='ocr_page' id='page_1' title='image "analectatacitea00hartuoft_0309.png"; bbox 0 0 2040 3412; ppageno 0'>
   <div class='ocr_carea' id='block_1_1' title="bbox 0 0 83 489">
    <p class='ocr_par' dir='ltr' id='par_1_1' title="bbox 0 0 83 489">
     <span class='ocr_line' id='line_1_1' title="bbox 0 0 83 489; baseline 0 2923"><span class='ocrx_word' id='word_1_1' title='bbox 0 0 83 489; x_wconf 95' lang='lat' dir='ltr'> </span> 
     </span>
    </p>
   </div>
   <div class='ocr_carea' id='block_1_2' title="bbox 885 279 963 320">
    <p class='ocr_par' dir='ltr' id='par_1_2' title="bbox 885 279 963 320">
     <span class='ocr_line' id='line_1_2' title="bbox 885 279 963 320; baseline -0.013 -11"><span class='ocrx_word' id='word_1_2' title='bbox 885 279 963 320; x_wconf 84' lang='lat'>301</span> 
     </span>
    </p>
   </div>
   <div class='ocr_carea' id='block_1_3' title="bbox 63 383 1724 3021">
    <p class='ocr_par' dir='ltr' id='par_1_3' title="bbox 110 383 1724 928">
     <span class='ocr_line' id='line_1_3' title="bbox 181 383 1724 451; baseline 0.008 -25"><span class='ocrx_word' id='word_1_3' title='bbox 181 383 306 426; x_wconf 89' lang='lat' dir='ltr'>Otho</span> <span class='ocrx_word' id='word_1_4' title='bbox 340 383 407 424; x_wconf 93' lang='lat' dir='ltr'>VI</span> <span class='ocrx_word' id='word_1_5' title='bbox 457 384 691 427; x_wconf 87' lang='lat' dir='ltr'>Vitelliani</span> <span class='ocrx_word' id='word_1_6' title='bbox 741 385 1106 431; x_wconf 87' lang='lat' dir='ltr'>Othonianorum</span> <span class='ocrx_word' id='word_1_7' title='bbox 1157 392 1393 435; x_wconf 88' lang='lat' dir='ltr'>mollitiem</span> <span class='ocrx_word' id='word_1_8' title='bbox 1438 395 1724 451; x_wconf 84' lang='lat' dir='ltr'><strong>increpantes</strong></span> 
     </span>
     <span class='ocr_line' id='line_1_4' title="bbox 121 462 1722 527; baseline 0.01 -24"><span class='ocrx_word' id='word_1_9' title='bbox 121 462 239 505; x_wconf 91' lang='lat' dir='ltr'>ultro</span> <span class='ocrx_word' id='word_1_10' title='bbox 283 464 341 504; x_wconf 85' lang='lat' dir='ltr'>ad</span> <span class='ocrx_word' id='word_1_11' title='bbox 381 462 513 506; x_wconf 85' lang='lat' dir='ltr'>fortia</span> <span class='ocrx_word' id='word_1_12' title='bbox 545 479 623 506; x_wconf 89' lang='lat' dir='ltr'>eos</span> <span class='ocrx_word' id='word_1_13' title='bbox 658 465 776 508; x_wconf 88' lang='lat' dir='ltr'>facta</span> <span class='ocrx_word' id='word_1_14' title='bbox 808 467 1022 510; x_wconf 84' lang='lat' dir='ltr'>incitant:</span> <span class='ocrx_word' id='word_1_15' title='bbox 1056 468 1158 512; x_wconf 82' lang='grc' dir='ltr'><em>οὕτω</em></span> <span class='ocrx_word' id='word_1_16' title='bbox 1195 470 1279 525; x_wconf 75' lang='grc' dir='ltr'><em>γαρ</em></span> <span class='ocrx_word' id='word_1_17' title='bbox 1314 473 1611 527; x_wconf 71' lang='grc' dir='ltr'>ἐταράχθησαν</span> <span class='ocrx_word' id='word_1_18' title='bbox 1645 477 1722 519; x_wconf 83' lang='grc' dir='ltr'>ὑπὸ</span> 
     </span>
     <span class='ocr_line' id='line_1_5' title="bbox 118 542 1720 611; baseline 0.011 -27"><span class='ocrx_word' id='word_1_19' title='bbox 118 542 272 585; x_wconf 81' lang='grc' dir='ltr'><em>τούτων</em></span> <span class='ocrx_word' id='word_1_20' title='bbox 305 546 383 584; x_wconf 84' lang='grc' dir='ltr'><em>τῶν</em></span> <span class='ocrx_word' id='word_1_21' title='bbox 415 544 571 586; x_wconf 78' lang='grc' dir='ltr'><em>ὀνειδῶν</em></span> <span class='ocrx_word' id='word_1_22' title='bbox 604 545 675 587; x_wconf 78' lang='grc' dir='ltr'><em>καὶ</em></span> <span class='ocrx_word' id='word_1_23' title='bbox 711 545 936 596; x_wconf 72' lang='grc' dir='ltr'><em>διεκάησαν</em></span> <span class='ocrx_word' id='word_1_24' title='bbox 968 549 1054 591; x_wconf 77' lang='grc' dir='ltr'>κτὲ.</span> <span class='ocrx_word' id='word_1_25' title='bbox 1090 551 1312 604; x_wconf 74' lang='lat' dir='ltr'>Convstia,</span> <span class='ocrx_word' id='word_1_26' title='bbox 1349 561 1397 596; x_wconf 92' lang='lat' dir='ltr'>ut</span> <span class='ocrx_word' id='word_1_27' title='bbox 1424 557 1598 611; x_wconf 88' lang='lat' dir='ltr'>opinor,</span> <span class='ocrx_word' id='word_1_28' title='bbox 1629 573 1720 601; x_wconf 91' lang='lat' dir='ltr'>non</span> 
     </span>
     <span class='ocr_line' id='line_1_6' title="bbox 110 623 1718 694; baseline 0.011 -30"><span class='ocrx_word' id='word_1_29' title='bbox 110 623 385 679; x_wconf 81' lang='lat' dir='ltr'><em>perturbant</em></span> <span class='ocrx_word' id='word_1_30' title='bbox 423 625 466 680; x_wconf 89' lang='lat' dir='ltr'>(i.</span> <span class='ocrx_word' id='word_1_31' title='bbox 496 640 534 667; x_wconf 87' lang='lat' dir='ltr'>e.</span> <span class='ocrx_word' id='word_1_32' title='bbox 578 633 702 669; x_wconf 90' lang='lat' dir='ltr'>metu</span> <span class='ocrx_word' id='word_1_33' title='bbox 746 628 969 683; x_wconf 89' lang='lat' dir='ltr'>implent),</span> <span class='ocrx_word' id='word_1_34' title='bbox 1014 632 1093 673; x_wconf 89' lang='lat' dir='ltr'>sed</span> <span class='ocrx_word' id='word_1_35' title='bbox 1139 642 1424 689; x_wconf 83' lang='lat' dir='ltr'>exasperant.</span> <span class='ocrx_word' id='word_1_36' title='bbox 1471 637 1591 692; x_wconf 89' lang='lat' dir='ltr'>Ergo</span> <span class='ocrx_word' id='word_1_37' title='bbox 1637 653 1718 694; x_wconf 91' lang='lat' dir='ltr'>pro</span> 
     </span>
     <span class='ocr_line' id='line_1_7' title="bbox 117 703 1718 768; baseline 0.01 -23"><span class='ocrx_word' id='word_1_38' title='bbox 117 703 416 757; x_wconf 66' lang='grc' dir='ltr'><em>ἐταράχθησαν</em></span> <span class='ocrx_word' id='word_1_39' title='bbox 443 706 687 761; x_wconf 86' lang='lat' dir='ltr'>legendum</span> <span class='ocrx_word' id='word_1_40' title='bbox 716 709 802 750; x_wconf 93' lang='lat' dir='ltr'>erit</span> <span class='ocrx_word' id='word_1_41' title='bbox 829 708 1150 763; x_wconf 76' lang='grc' dir='ltr'><em>ε’χαραχθηο-αν.</em></span> <span class='ocrx_word' id='word_1_42' title='bbox 1180 714 1322 768; x_wconf 86' lang='lat' dir='ltr'>Amat</span> <span class='ocrx_word' id='word_1_43' title='bbox 1353 716 1615 760; x_wconf 82' lang='lat' dir='ltr'><strong>Plutarchus</strong></span> <span class='ocrx_word' id='word_1_44' title='bbox 1642 733 1718 760; x_wconf 90' lang='lat' dir='ltr'>vo-</span> 
     </span>
     <span class='ocr_line' id='line_1_8' title="bbox 117 783 1716 847; baseline 0.01 -22"><span class='ocrx_word' id='word_1_45' title='bbox 117 783 278 827; x_wconf 89' lang='lat' dir='ltr'>cabula</span> <span class='ocrx_word' id='word_1_46' title='bbox 320 787 504 841; x_wconf 87' lang='lat' dir='ltr'>tragica.</span> <span class='ocrx_word' id='word_1_47' title='bbox 539 788 702 843; x_wconf 86' lang='lat' dir='ltr'>Cogita</span> <span class='ocrx_word' id='word_1_48' title='bbox 734 789 807 831; x_wconf 94' lang='lat' dir='ltr'>hic</span> <span class='ocrx_word' id='word_1_49' title='bbox 841 791 898 832; x_wconf 93' lang='lat' dir='ltr'>de</span> <span class='ocrx_word' id='word_1_50' title='bbox 933 792 1180 847; x_wconf 91' lang='lat' dir='ltr'>Euripideo</span> <span class='ocrx_word' id='word_1_51' title='bbox 1215 795 1312 837; x_wconf 92' lang='lat' dir='ltr'>illo:</span> <span class='ocrx_word' id='word_1_52' title='bbox 1348 797 1381 838; x_wconf 78' lang='grc' dir='ltr'>εἶ</span> <span class='ocrx_word' id='word_1_53' title='bbox 1419 797 1460 838; x_wconf 82' lang='grc' dir='ltr'>δὲ</span> <span class='ocrx_word' id='word_1_54' title='bbox 1495 795 1565 845; x_wconf 73' lang='grc' dir='ltr'>σὸς</span> <span class='ocrx_word' id='word_1_55' title='bbox 1597 798 1716 846; x_wconf 83' lang='grc' dir='ltr'><em>πόσις</em></span> 
     </span>
     <span class='ocr_line' id='line_1_9' title="bbox 115 863 1383 928; baseline 0.01 -23"><span class='ocrx_word' id='word_1_56' title='bbox 115 863 240 906; x_wconf 66' lang='grc' dir='ltr'><em>καινοὶ</em></span> <span class='ocrx_word' id='word_1_57' title='bbox 271 863 383 918; x_wconf 78' lang='grc' dir='ltr'><em>λέχη</em></span> <span class='ocrx_word' id='word_1_58' title='bbox 417 866 575 921; x_wconf 81' lang='grc' dir='ltr'><em>σεβίζει</em></span> <span class='ocrx_word' id='word_1_59' title='bbox 611 869 753 924; x_wconf 80' lang='grc' dir='ltr'><em>(κοινὸν</em></span> <span class='ocrx_word' id='word_1_60' title='bbox 786 869 893 926; x_wconf 77' lang='grc' dir='ltr'><em>τόδε)</em></span> <span class='ocrx_word' id='word_1_61' title='bbox 917 873 987 920; x_wconf 79' lang='grc' dir='ltr'>’μη</span> <span class='ocrx_word' id='word_1_62' title='bbox 1020 872 1258 925; x_wconf 78' lang='grc' dir='ltr'><em>χαρασσου.</em></span> <span class='ocrx_word' id='word_1_63' title='bbox 1380 925 1383 928; x_wconf 14' lang='grc' dir='ltr'><strong>Γ</strong></span> 
     </span>
    </p>

    <p class='ocr_par' dir='ltr' id='par_1_4' title="bbox 63 945 1717 1486">
     <span class='ocr_line' id='line_1_10' title="bbox 175 945 1716 1013; baseline 0.01 -26"><span class='ocrx_word' id='word_1_64' title='bbox 175 945 242 988; x_wconf 89' lang='lat' dir='ltr'>Ib.</span> <span class='ocrx_word' id='word_1_65' title='bbox 277 946 449 989; x_wconf 87' lang='lat' dir='ltr'>Valens</span> <span class='ocrx_word' id='word_1_66' title='bbox 481 949 698 992; x_wconf 89' lang='lat' dir='ltr'>molestus</span> <span class='ocrx_word' id='word_1_67' title='bbox 731 957 827 993; x_wconf 89' lang='lat' dir='ltr'>erat</span> <span class='ocrx_word' id='word_1_68' title='bbox 854 953 1116 996; x_wconf 89' lang='lat' dir='ltr'>civitatibus</span> <span class='ocrx_word' id='word_1_69' title='bbox 1148 956 1320 1006; x_wconf 89' lang='lat' dir='ltr'>Italiae,</span> <span class='ocrx_word' id='word_1_70' title='bbox 1354 959 1410 999; x_wconf 90' lang='lat' dir='ltr'>ad</span> <span class='ocrx_word' id='word_1_71' title='bbox 1446 973 1557 1013; x_wconf 89' lang='lat' dir='ltr'>quas</span> <span class='ocrx_word' id='word_1_72' title='bbox 1590 974 1716 1003; x_wconf 87' lang='lat' dir='ltr'>acce-</span> 
     </span>
     <span class='ocr_line' id='line_1_11' title="bbox 63 1025 1717 1094; baseline 0.011 -29"><span class='ocrx_word' id='word_1_73' title='bbox 63 1028 66 1030; x_wconf 71' lang='grc'><strong><em>’</em></strong></span> <span class='ocrx_word' id='word_1_74' title='bbox 113 1025 268 1076; x_wconf 88' lang='lat' dir='ltr'>debat,</span> <span class='ocrx_word' id='word_1_75' title='bbox 308 1033 355 1068; x_wconf 89' lang='lat' dir='ltr'>et</span> <span class='ocrx_word' id='word_1_76' title='bbox 397 1028 495 1070; x_wconf 89' lang='lat' dir='ltr'>aliis</span> <span class='ocrx_word' id='word_1_77' title='bbox 538 1030 672 1072; x_wconf 87' lang='lat' dir='ltr'>rebus</span> <span class='ocrx_word' id='word_1_78' title='bbox 713 1038 758 1073; x_wconf 90' lang='lat' dir='ltr'>et</span> <span class='ocrx_word' id='word_1_79' title='bbox 791 1034 914 1087; x_wconf 92' lang='lat' dir='ltr'>quod</span> <span class='ocrx_word' id='word_1_80' title='bbox 953 1033 1136 1087; x_wconf 84' lang='lat' dir='ltr'>„bracas</span> <span class='ocrx_word' id='word_1_81' title='bbox 1170 1037 1382 1079; x_wconf 78' lang='lat' dir='ltr'>indutus³⁹</span> <span class='ocrx_word' id='word_1_82' title='bbox 1417 1039 1572 1094; x_wconf 91' lang='lat' dir='ltr'>(verba</span> <span class='ocrx_word' id='word_1_83' title='bbox 1605 1042 1717 1084; x_wconf 90' lang='lat' dir='ltr'>haec</span> 
     </span>
     <span class='ocr_line' id='line_1_12' title="bbox 109 1107 1713 1171; baseline 0.011 -24"><span class='ocrx_word' id='word_1_84' title='bbox 109 1111 216 1148; x_wconf 82' lang='lat' dir='ltr'>sunt</span> <span class='ocrx_word' id='word_1_85' title='bbox 257 1107 405 1150; x_wconf 83' lang='lat' dir='ltr'>Taciti</span> <span class='ocrx_word' id='word_1_86' title='bbox 450 1108 509 1151; x_wconf 91' lang='lat' dir='ltr'>H.</span> <span class='ocrx_word' id='word_1_87' title='bbox 551 1110 609 1160; x_wconf 85' lang='grc' dir='ltr'>ΙΙ,</span> <span class='ocrx_word' id='word_1_88' title='bbox 656 1112 727 1166; x_wconf 88' lang='lat'>20)</span> <span class='ocrx_word' id='word_1_89' title='bbox 773 1120 870 1155; x_wconf 90' lang='lat' dir='ltr'>erat</span> <span class='ocrx_word' id='word_1_90' title='bbox 911 1115 1095 1164; x_wconf 80' lang='grc' dir='ltr'><em>σημείοις</em></span> <span class='ocrx_word' id='word_1_91' title='bbox 1142 1115 1212 1158; x_wconf 78' lang='grc' dir='ltr'><em>καὶ</em></span> <span class='ocrx_word' id='word_1_92' title='bbox 1257 1116 1432 1170; x_wconf 74' lang='grc' dir='ltr'><em>ἄρχουσι</em></span> <span class='ocrx_word' id='word_1_93' title='bbox 1467 1119 1713 1171; x_wconf 74' lang='grc' dir='ltr'><em>Ῥωμαϊκοῖς</em></span> 
     </span>
     <span class='ocr_line' id='line_1_13' title="bbox 109 1184 1714 1252; baseline 0.011 -25"><span class='ocrx_word' id='word_1_94' title='bbox 109 1184 424 1238; x_wconf 80' lang='grc' dir='ltr'><em>διαλεγόμενος.</em></span> <span class='ocrx_word' id='word_1_95' title='bbox 445 1190 621 1238; x_wconf 69' lang='lat' dir='ltr'>⁴Merito</span> <span class='ocrx_word' id='word_1_96' title='bbox 648 1200 910 1247; x_wconf 87' lang='lat' dir='ltr'>suspectum</span> <span class='ocrx_word' id='word_1_97' title='bbox 939 1196 1078 1238; x_wconf 89' lang='lat' dir='ltr'>habet</span> <span class='ocrx_word' id='word_1_98' title='bbox 1106 1197 1290 1247; x_wconf 77' lang='grc' dir='ltr'><em>σημείοις</em></span> <span class='ocrx_word' id='word_1_99' title='bbox 1322 1199 1603 1252; x_wconf 89' lang='lat' dir='ltr'>Sintenisius,</span> <span class='ocrx_word' id='word_1_100' title='bbox 1635 1205 1714 1245; x_wconf 91' lang='lat' dir='ltr'>sed</span> 
     </span>
     <span class='ocr_line' id='line_1_14' title="bbox 110 1266 1713 1335; baseline 0.011 -27"><span class='ocrx_word' id='word_1_101' title='bbox 110 1266 252 1310; x_wconf 86' lang='lat' dir='ltr'>facilis</span> <span class='ocrx_word' id='word_1_102' title='bbox 283 1275 353 1311; x_wconf 91' lang='lat' dir='ltr'>est</span> <span class='ocrx_word' id='word_1_103' title='bbox 386 1272 674 1323; x_wconf 89' lang='lat' dir='ltr'>emendatio;</span> <span class='ocrx_word' id='word_1_104' title='bbox 710 1274 820 1315; x_wconf 93' lang='lat' dir='ltr'><strong>nihil</strong></span> <span class='ocrx_word' id='word_1_105' title='bbox 852 1275 973 1317; x_wconf 89' lang='lat' dir='ltr'>aliud</span> <span class='ocrx_word' id='word_1_106' title='bbox 1008 1277 1128 1318; x_wconf 88' lang='lat' dir='ltr'>enim</span> <span class='ocrx_word' id='word_1_107' title='bbox 1162 1278 1223 1319; x_wconf 91' lang='lat' dir='ltr'>ibi</span> <span class='ocrx_word' id='word_1_108' title='bbox 1252 1279 1364 1321; x_wconf 89' lang='lat' dir='ltr'>latet</span> <span class='ocrx_word' id='word_1_109' title='bbox 1391 1295 1527 1335; x_wconf 90' lang='lat' dir='ltr'>quam</span> <span class='ocrx_word' id='word_1_110' title='bbox 1557 1281 1713 1334; x_wconf 79' lang='grc' dir='ltr'><em>δήμοις.</em></span> 
     </span>
     <span class='ocr_line' id='line_1_15' title="bbox 111 1346 1715 1413; baseline 0.011 -24"><span class='ocrx_word' id='word_1_111' title='bbox 111 1346 186 1390; x_wconf 85' lang='lat' dir='ltr'>Sic</span> <span class='ocrx_word' id='word_1_112' title='bbox 217 1362 299 1390; x_wconf 90' lang='lat' dir='ltr'>suo</span> <span class='ocrx_word' id='word_1_113' title='bbox 332 1363 457 1392; x_wconf 90' lang='lat' dir='ltr'>more</span> <span class='ocrx_word' id='word_1_114' title='bbox 491 1350 649 1405; x_wconf 77' lang='grc' dir='ltr'><em>(δήμοις</em></span> <span class='ocrx_word' id='word_1_115' title='bbox 684 1351 755 1394; x_wconf 76' lang='grc' dir='ltr'><em>καὶ</em></span> <span class='ocrx_word' id='word_1_116' title='bbox 791 1351 967 1406; x_wconf 72' lang='grc' dir='ltr'><em>ἄρχουσι</em></span> <span class='ocrx_word' id='word_1_117' title='bbox 997 1355 1260 1413; x_wconf 82' lang='grc' dir='ltr'><em>Ῥωμαϊκοῖς)</em></span> <span class='ocrx_word' id='word_1_118' title='bbox 1290 1360 1555 1404; x_wconf 84' lang='lat' dir='ltr'>Plutarchus</span> <span class='ocrx_word' id='word_1_119' title='bbox 1585 1363 1715 1406; x_wconf 89' lang='lat' dir='ltr'>Taci-</span> 
     </span>
     <span class='ocr_line' id='line_1_16' title="bbox 107 1432 731 1486; baseline 0.008 -17"><span class='ocrx_word' id='word_1_120' title='bbox 107 1433 234 1470; x_wconf 89' lang='lat' dir='ltr'>teum</span> <span class='ocrx_word' id='word_1_121' title='bbox 266 1437 437 1485; x_wconf 85' lang='lat' dir='ltr'>togatos</span> <span class='ocrx_word' id='word_1_122' title='bbox 469 1432 731 1486; x_wconf 87' lang='lat' dir='ltr'>amplificat.</span> 
     </span>
    </p>

    <p class='ocr_par' dir='ltr' id='par_1_5' title="bbox 106 1510 1713 1738">
     <span class='ocr_line' id='line_1_17' title="bbox 169 1510 1713 1575; baseline 0.009 -23"><span class='ocrx_word' id='word_1_123' title='bbox 169 1510 398 1553; x_wconf 89' lang='lat' dir='ltr'>Continuo</span> <span class='ocrx_word' id='word_1_124' title='bbox 414 1514 640 1567; x_wconf 90' lang='lat' dir='ltr'>sequitur:</span> <span class='ocrx_word' id='word_1_125' title='bbox 670 1513 739 1555; x_wconf 77' lang='grc' dir='ltr'><em>καὶ</em></span> <span class='ocrx_word' id='word_1_126' title='bbox 768 1514 842 1562; x_wconf 73' lang='grc' dir='ltr'><em>τὴν</em></span> <span class='ocrx_word' id='word_1_127' title='bbox 870 1521 1055 1566; x_wconf 84' lang='grc' dir='ltr'><em>γυναῖκα</em></span> <span class='ocrx_word' id='word_1_128' title='bbox 1083 1517 1358 1570; x_wconf 77' lang='grc' dir='ltr'><em>παρέπεμπον</em></span> <span class='ocrx_word' id='word_1_129' title='bbox 1387 1522 1498 1575; x_wconf 79' lang='grc' dir='ltr'><em>αὐτῷ</em></span> <span class='ocrx_word' id='word_1_130' title='bbox 1527 1523 1713 1574; x_wconf 80' lang='grc' dir='ltr'><em>λογαδην</em></span> 
     </span>
     <span class='ocr_line' id='line_1_18' title="bbox 107 1589 1711 1656; baseline 0.01 -25"><span class='ocrx_word' id='word_1_131' title='bbox 107 1589 254 1637; x_wconf 84' lang='grc' dir='ltr'><em>ἱππεῖς</em></span> <span class='ocrx_word' id='word_1_132' title='bbox 280 1591 511 1644; x_wconf 74' lang='grc' dir='ltr'><em>ὀχουμένην</em></span> <span class='ocrx_word' id='word_1_133' title='bbox 529 1591 641 1646; x_wconf 78' lang='grc' dir='ltr'><em>ἵππῳ</em></span> <span class='ocrx_word' id='word_1_134' title='bbox 661 1594 912 1645; x_wconf 80' lang='grc' dir='ltr'><em>κεκοσμένην</em></span> <span class='ocrx_word' id='word_1_135' title='bbox 931 1597 1160 1654; x_wconf 76' lang='grc' dir='ltr'><em>ἐπιφανῶς.</em></span> <span class='ocrx_word' id='word_1_136' title='bbox 1191 1601 1343 1642; x_wconf 91' lang='lat' dir='ltr'>Etiam</span> <span class='ocrx_word' id='word_1_137' title='bbox 1361 1604 1483 1656; x_wconf 94' lang='lat' dir='ltr'>apud</span> <span class='ocrx_word' id='word_1_138' title='bbox 1501 1604 1711 1647; x_wconf 89' lang='lat' dir='ltr'>Tacitum</span> 
     </span>
     <span class='ocr_line' id='line_1_19' title="bbox 106 1671 1709 1738; baseline 0.009 -27"><span class='ocrx_word' id='word_1_139' title='bbox 106 1676 210 1725; x_wconf 92' lang='lat' dir='ltr'>post</span> <span class='ocrx_word' id='word_1_140' title='bbox 243 1671 465 1714; x_wconf 84' lang='lat' dir='ltr'>Caecinae</span> <span class='ocrx_word' id='word_1_141' title='bbox 500 1674 657 1716; x_wconf 87' lang='lat' dir='ltr'>bracas</span> <span class='ocrx_word' id='word_1_142' title='bbox 690 1675 787 1717; x_wconf 89' lang='lat' dir='ltr'>illas</span> <span class='ocrx_word' id='word_1_143' title='bbox 820 1685 1201 1721; x_wconf 85' lang='lat' dir='ltr'>commemoratas</span> <span class='ocrx_word' id='word_1_144' title='bbox 1234 1683 1451 1724; x_wconf 88' lang='lat' dir='ltr'>continuo</span> <span class='ocrx_word' id='word_1_145' title='bbox 1484 1685 1709 1738; x_wconf 82' lang='lat' dir='ltr'>sequitur:</span> 
     </span>
    </p>

    <p class='ocr_par' dir='ltr' id='par_1_6' title="bbox 98 1755 1710 2600">
     <span class='ocr_line' id='line_1_20' title="bbox 170 1755 1710 1814; baseline 0.01 -22"><span class='ocrx_word' id='word_1_146' title='bbox 170 1766 476 1807; x_wconf 88' lang='lat' dir='ltr'>„uxoremque</span> <span class='ocrx_word' id='word_1_147' title='bbox 506 1755 600 1795; x_wconf 89' lang='lat' dir='ltr'>eius</span> <span class='ocrx_word' id='word_1_148' title='bbox 629 1755 905 1807; x_wconf 86' lang='lat' dir='ltr'>Saloninam,</span> <span class='ocrx_word' id='word_1_149' title='bbox 934 1772 1212 1814; x_wconf 89' lang='lat' dir='ltr'>quamquam</span> <span class='ocrx_word' id='word_1_150' title='bbox 1240 1761 1284 1802; x_wconf 93' lang='lat' dir='ltr'>in</span> <span class='ocrx_word' id='word_1_151' title='bbox 1314 1763 1476 1804; x_wconf 90' lang='lat' dir='ltr'>nullius</span> <span class='ocrx_word' id='word_1_152' title='bbox 1503 1764 1710 1807; x_wconf 85' lang='lat' dir='ltr'>iniuriam</span> 
     </span>
     <span class='ocr_line' id='line_1_21' title="bbox 104 1831 1001 1890; baseline 0.01 -19"><span class='ocrx_word' id='word_1_153' title='bbox 104 1831 292 1886; x_wconf 87' lang='lat' dir='ltr'>insignis</span> <span class='ocrx_word' id='word_1_154' title='bbox 325 1847 445 1887; x_wconf 92' lang='lat' dir='ltr'>equo</span> <span class='ocrx_word' id='word_1_155' title='bbox 480 1841 696 1890; x_wconf 92' lang='lat' dir='ltr'>ostroque</span> <span class='ocrx_word' id='word_1_156' title='bbox 731 1837 1001 1879; x_wconf 81' lang='lat' dir='ltr'>veheretur⁵³</span> 
     </span>
     <span class='ocr_line' id='line_1_22' title="bbox 104 1912 1710 1976; baseline 0.009 -24"><span class='ocrx_word' id='word_1_157' title='bbox 104 1924 210 1953; x_wconf 87' lang='lat' dir='ltr'>nam</span> <span class='ocrx_word' id='word_1_158' title='bbox 253 1912 326 1955; x_wconf 92' lang='lat' dir='ltr'>hic</span> <span class='ocrx_word' id='word_1_159' title='bbox 369 1915 655 1958; x_wconf 87' lang='lat' dir='ltr'>retinendam</span> <span class='ocrx_word' id='word_1_160' title='bbox 697 1919 913 1959; x_wconf 87' lang='lat' dir='ltr'>traditam</span> <span class='ocrx_word' id='word_1_161' title='bbox 956 1918 1202 1961; x_wconf 90' lang='lat' dir='ltr'>lectionem</span> <span class='ocrx_word' id='word_1_162' title='bbox 1235 1921 1437 1976; x_wconf 76' lang='lat' dir='ltr'>insignis,</span> <span class='ocrx_word' id='word_1_163' title='bbox 1473 1938 1563 1966; x_wconf 92' lang='lat' dir='ltr'>non</span> <span class='ocrx_word' id='word_1_164' title='bbox 1600 1927 1710 1967; x_wconf 90' lang='lat' dir='ltr'>reci-</span> 
     </span>
     <span class='ocr_line' id='line_1_23' title="bbox 104 1986 1710 2055; baseline 0.009 -23"><span class='ocrx_word' id='word_1_165' title='bbox 104 1992 320 2046; x_wconf 90' lang='lat' dir='ltr'>piendam</span> <span class='ocrx_word' id='word_1_166' title='bbox 366 1994 601 2036; x_wconf 88' lang='lat' dir='ltr'>Puteolani</span> <span class='ocrx_word' id='word_1_167' title='bbox 634 1999 965 2039; x_wconf 89' lang='lat' dir='ltr'>correctionem</span> <span class='ocrx_word' id='word_1_168' title='bbox 998 1986 1174 2055; x_wconf 61' lang='lat' dir='ltr'>z‘nsz&#39;gnz&#39;,</span> <span class='ocrx_word' id='word_1_169' title='bbox 1212 2002 1475 2044; x_wconf 89' lang='lat' dir='ltr'>testimonio</span> <span class='ocrx_word' id='word_1_170' title='bbox 1508 2011 1576 2046; x_wconf 90' lang='lat' dir='ltr'>est</span> <span class='ocrx_word' id='word_1_171' title='bbox 1609 2005 1710 2048; x_wconf 91' lang='lat' dir='ltr'>Plu-</span> 
     </span>
     <span class='ocr_line' id='line_1_24' title="bbox 103 2072 1709 2131; baseline 0.009 -18"><span class='ocrx_word' id='word_1_172' title='bbox 103 2072 298 2123; x_wconf 88' lang='lat' dir='ltr'>tarchus,</span> <span class='ocrx_word' id='word_1_173' title='bbox 333 2075 410 2128; x_wconf 92' lang='lat' dir='ltr'>qui</span> <span class='ocrx_word' id='word_1_174' title='bbox 445 2082 491 2117; x_wconf 92' lang='lat' dir='ltr'>et</span> <span class='ocrx_word' id='word_1_175' title='bbox 524 2077 620 2131; x_wconf 90' lang='lat' dir='ltr'>ipse</span> <span class='ocrx_word' id='word_1_176' title='bbox 654 2078 775 2119; x_wconf 88' lang='lat' dir='ltr'>illam</span> <span class='ocrx_word' id='word_1_177' title='bbox 810 2080 941 2120; x_wconf 92' lang='lat' dir='ltr'>nobis</span> <span class='ocrx_word' id='word_1_178' title='bbox 973 2081 1188 2122; x_wconf 90' lang='lat' dir='ltr'>traditam</span> <span class='ocrx_word' id='word_1_179' title='bbox 1222 2082 1466 2124; x_wconf 85' lang='lat' dir='ltr'>lectionem</span> <span class='ocrx_word' id='word_1_180' title='bbox 1499 2084 1709 2129; x_wconf 87' lang='lat' dir='ltr'>habuerit</span> 
     </span>
     <span class='ocr_line' id='line_1_25' title="bbox 103 2153 1708 2208; baseline 0.009 -15"><span class='ocrx_word' id='word_1_181' title='bbox 103 2157 209 2194; x_wconf 86' lang='lat' dir='ltr'>ante</span> <span class='ocrx_word' id='word_1_182' title='bbox 236 2153 414 2196; x_wconf 89' lang='lat' dir='ltr'>oculos:</span> <span class='ocrx_word' id='word_1_183' title='bbox 445 2156 621 2198; x_wconf 90' lang='lat' dir='ltr'>duabus</span> <span class='ocrx_word' id='word_1_184' title='bbox 649 2158 782 2199; x_wconf 91' lang='lat' dir='ltr'>rebus</span> <span class='ocrx_word' id='word_1_185' title='bbox 810 2158 1073 2201; x_wconf 84' lang='lat' dir='ltr'>Saloninam</span> <span class='ocrx_word' id='word_1_186' title='bbox 1102 2162 1258 2203; x_wconf 92' lang='lat' dir='ltr'>oculos</span> <span class='ocrx_word' id='word_1_187' title='bbox 1286 2163 1330 2204; x_wconf 90' lang='lat' dir='ltr'>in</span> <span class='ocrx_word' id='word_1_188' title='bbox 1358 2178 1405 2205; x_wconf 91' lang='lat' dir='ltr'>se</span> <span class='ocrx_word' id='word_1_189' title='bbox 1431 2167 1708 2208; x_wconf 88' lang='lat' dir='ltr'>convertisse</span> 
     </span>
     <span class='ocr_line' id='line_1_26' title="bbox 102 2234 1707 2297; baseline 0.01 -24"><span class='ocrx_word' id='word_1_190' title='bbox 102 2239 268 2284; x_wconf 86' lang='lat' dir='ltr'>narrat,</span> <span class='ocrx_word' id='word_1_191' title='bbox 303 2234 348 2275; x_wconf 78' lang='lat' dir='ltr'>et</span> <span class='ocrx_word' id='word_1_192' title='bbox 381 2237 504 2289; x_wconf 92' lang='lat' dir='ltr'>quod</span> <span class='ocrx_word' id='word_1_193' title='bbox 539 2250 658 2291; x_wconf 92' lang='lat' dir='ltr'>equo</span> <span class='ocrx_word' id='word_1_194' title='bbox 692 2239 944 2281; x_wconf 91' lang='lat' dir='ltr'>vehebatur</span> <span class='ocrx_word' id='word_1_195' title='bbox 978 2241 1023 2281; x_wconf 80' lang='lat' dir='ltr'>et</span> <span class='ocrx_word' id='word_1_196' title='bbox 1050 2242 1173 2295; x_wconf 90' lang='lat' dir='ltr'>quod</span> <span class='ocrx_word' id='word_1_197' title='bbox 1203 2257 1401 2297; x_wconf 88' lang='lat' dir='ltr'>purpura</span> <span class='ocrx_word' id='word_1_198' title='bbox 1429 2246 1588 2288; x_wconf 90' lang='lat' dir='ltr'>induta</span> <span class='ocrx_word' id='word_1_199' title='bbox 1611 2253 1707 2289; x_wconf 89' lang='lat' dir='ltr'>erat</span> 
     </span>
     <span class='ocr_line' id='line_1_27' title="bbox 100 2313 1704 2380; baseline 0.009 -26"><span class='ocrx_word' id='word_1_200' title='bbox 100 2313 212 2367; x_wconf 89' lang='lat' dir='ltr'>ipsa.</span> <span class='ocrx_word' id='word_1_201' title='bbox 257 2315 403 2369; x_wconf 89' lang='lat' dir='ltr'>Ipsius</span> <span class='ocrx_word' id='word_1_202' title='bbox 446 2317 550 2371; x_wconf 90' lang='lat' dir='ltr'>equi</span> <span class='ocrx_word' id='word_1_203' title='bbox 584 2319 808 2372; x_wconf 86' lang='lat' dir='ltr'>insignem</span> <span class='ocrx_word' id='word_1_204' title='bbox 841 2326 1050 2362; x_wconf 90' lang='lat' dir='ltr'>ornatum</span> <span class='ocrx_word' id='word_1_205' title='bbox 1085 2322 1155 2362; x_wconf 94' lang='lat' dir='ltr'>vel</span> <span class='ocrx_word' id='word_1_206' title='bbox 1191 2323 1469 2376; x_wconf 86' lang='lat' dir='ltr'>praeclaram</span> <span class='ocrx_word' id='word_1_207' title='bbox 1504 2327 1704 2380; x_wconf 90' lang='lat' dir='ltr'>speciem</span> 
     </span>
     <span class='ocr_line' id='line_1_28' title="bbox 101 2395 1701 2461; baseline 0.009 -26"><span class='ocrx_word' id='word_1_208' title='bbox 101 2406 250 2448; x_wconf 83' lang='lat' dir='ltr'>neque</span> <span class='ocrx_word' id='word_1_209' title='bbox 293 2395 559 2439; x_wconf 90' lang='lat' dir='ltr'>Plutarchus</span> <span class='ocrx_word' id='word_1_210' title='bbox 600 2406 931 2441; x_wconf 87' lang='lat' dir='ltr'>commemorat</span> <span class='ocrx_word' id='word_1_211' title='bbox 975 2415 1122 2455; x_wconf 91' lang='lat' dir='ltr'>neque</span> <span class='ocrx_word' id='word_1_212' title='bbox 1155 2402 1354 2445; x_wconf 78' lang='lat' dir='ltr'>Tacitus,</span> <span class='ocrx_word' id='word_1_213' title='bbox 1389 2404 1546 2459; x_wconf 91' lang='lat' dir='ltr'>Atque</span> <span class='ocrx_word' id='word_1_214' title='bbox 1579 2408 1701 2461; x_wconf 89' lang='lat' dir='ltr'>apud</span> 
     </span>
     <span class='ocr_line' id='line_1_29' title="bbox 101 2473 1704 2535; baseline 0.008 -20"><span class='ocrx_word' id='word_1_215' title='bbox 101 2473 390 2517; x_wconf 88' lang='lat' dir='ltr'>Plutarchum</span> <span class='ocrx_word' id='word_1_216' title='bbox 425 2478 794 2520; x_wconf 89' lang='lat' dir='ltr'>terminationem</span> <span class='ocrx_word' id='word_1_217' title='bbox 834 2494 901 2528; x_wconf 88' lang='grc' dir='ltr'>νην</span> <span class='ocrx_word' id='word_1_218' title='bbox 934 2494 1129 2535; x_wconf 86' lang='lat' dir='ltr'>sequens</span> <span class='ocrx_word' id='word_1_219' title='bbox 1162 2483 1330 2524; x_wconf 89' lang='lat' dir='ltr'>vocalis</span> <span class='ocrx_word' id='word_1_220' title='bbox 1362 2484 1421 2525; x_wconf 91' lang='lat' dir='ltr'>ab</span> <span class='ocrx_word' id='word_1_221' title='bbox 1454 2487 1578 2527; x_wconf 93' lang='lat' dir='ltr'>omni</span> <span class='ocrx_word' id='word_1_222' title='bbox 1607 2500 1704 2529; x_wconf 88' lang='lat' dir='ltr'>mu-</span> 
     </span>
     <span class='ocr_line' id='line_1_30' title="bbox 98 2539 752 2600; baseline 0.008 -6"><span class='ocrx_word' id='word_1_223' title='bbox 98 2555 226 2596; x_wconf 89' lang='lat' dir='ltr'>tandi</span> <span class='ocrx_word' id='word_1_224' title='bbox 258 2557 498 2598; x_wconf 90' lang='lat' dir='ltr'>conamine</span> <span class='ocrx_word' id='word_1_225' title='bbox 532 2539 752 2600; x_wconf 86' lang='lat' dir='ltr'>defendit.</span> 
     </span>
    </p>

    <p class='ocr_par' dir='ltr' id='par_1_7' title="bbox 90 2634 1702 3021">
     <span class='ocr_line' id='line_1_31' title="bbox 158 2634 1700 2688; baseline 0.008 -12"><span class='ocrx_word' id='word_1_226' title='bbox 158 2634 283 2676; x_wconf 89' lang='lat' dir='ltr'>Otho</span> <span class='ocrx_word' id='word_1_227' title='bbox 317 2636 430 2678; x_wconf 90' lang='lat' dir='ltr'>VIII</span> <span class='ocrx_word' id='word_1_228' title='bbox 476 2638 702 2679; x_wconf 91' lang='lat' dir='ltr'>Proelium</span> <span class='ocrx_word' id='word_1_229' title='bbox 747 2639 925 2680; x_wconf 82' lang='lat' dir='ltr'>differre</span> <span class='ocrx_word' id='word_1_230' title='bbox 973 2641 1183 2683; x_wconf 88' lang='lat' dir='ltr'>Paulinus</span> <span class='ocrx_word' id='word_1_231' title='bbox 1227 2657 1250 2683; x_wconf 90' lang='lat' dir='ltr'>e</span> <span class='ocrx_word' id='word_1_232' title='bbox 1295 2657 1341 2684; x_wconf 92' lang='lat' dir='ltr'>re</span> <span class='ocrx_word' id='word_1_233' title='bbox 1375 2643 1570 2687; x_wconf 87' lang='lat' dir='ltr'>Othonis</span> <span class='ocrx_word' id='word_1_234' title='bbox 1603 2661 1700 2688; x_wconf 92' lang='lat' dir='ltr'>esse</span> 
     </span>
     <span class='ocr_line' id='line_1_32' title="bbox 99 2720 1702 2781; baseline 0.008 -25"><span class='ocrx_word' id='word_1_235' title='bbox 99 2722 269 2766; x_wconf 89' lang='lat' dir='ltr'>monet,</span> <span class='ocrx_word' id='word_1_236' title='bbox 304 2723 465 2772; x_wconf 90' lang='lat' dir='ltr'>utpote</span> <span class='ocrx_word' id='word_1_237' title='bbox 499 2720 575 2773; x_wconf 91' lang='lat' dir='ltr'>qui</span> <span class='ocrx_word' id='word_1_238' title='bbox 610 2734 633 2760; x_wconf 93' lang='lat' dir='ltr'>e</span> <span class='ocrx_word' id='word_1_239' title='bbox 670 2720 842 2761; x_wconf 88' lang='lat' dir='ltr'>Moesia</span> <span class='ocrx_word' id='word_1_240' title='bbox 874 2726 920 2762; x_wconf 91' lang='lat' dir='ltr'>et</span> <span class='ocrx_word' id='word_1_241' title='bbox 953 2721 1186 2763; x_wconf 90' lang='lat' dir='ltr'>Pannonia</span> <span class='ocrx_word' id='word_1_242' title='bbox 1220 2737 1406 2778; x_wconf 88' lang='lat' dir='ltr'>magnas</span> <span class='ocrx_word' id='word_1_243' title='bbox 1433 2727 1570 2767; x_wconf 89' lang='lat' dir='ltr'>etiam</span> <span class='ocrx_word' id='word_1_244' title='bbox 1599 2741 1702 2781; x_wconf 92' lang='lat' dir='ltr'>pos-</span> 
     </span>
     <span class='ocr_line' id='line_1_33' title="bbox 90 2796 1697 2857; baseline 0.008 -21"><span class='ocrx_word' id='word_1_245' title='bbox 90 2796 153 2837; x_wconf 81' lang='lat' dir='ltr'>&#39;sit</span> <span class='ocrx_word' id='word_1_246' title='bbox 196 2804 463 2851; x_wconf 88' lang='lat' dir='ltr'>exspectare</span> <span class='ocrx_word' id='word_1_247' title='bbox 507 2801 675 2854; x_wconf 90' lang='lat' dir='ltr'>copias,</span> <span class='ocrx_word' id='word_1_248' title='bbox 720 2799 770 2841; x_wconf 73' lang='grc' dir='ltr'><em>ἂν</em></span> <span class='ocrx_word' id='word_1_249' title='bbox 804 2800 872 2842; x_wconf 82' lang='grc' dir='ltr'><em>τὸν</em></span> <span class='ocrx_word' id='word_1_250' title='bbox 907 2801 1034 2842; x_wconf 77' lang='grc' dir='ltr'><em>αὑτοῦ</em></span> <span class='ocrx_word' id='word_1_251' title='bbox 1068 2802 1265 2855; x_wconf 79' lang='grc' dir='ltr'><em>περιμένη</em></span> <span class='ocrx_word' id='word_1_252' title='bbox 1300 2804 1452 2856; x_wconf 86' lang='grc' dir='ltr'><em>καιρόν,</em></span> <span class='ocrx_word' id='word_1_253' title='bbox 1486 2806 1605 2848; x_wconf 70' lang='grc' dir='ltr'>ἀλλὰ</span> <span class='ocrx_word' id='word_1_254' title='bbox 1637 2808 1697 2857; x_wconf 74' lang='grc' dir='ltr'>μη</span> 
     </span>
     <span class='ocr_line' id='line_1_34' title="bbox 94 2879 1696 2942; baseline 0.009 -26"><span class='ocrx_word' id='word_1_255' title='bbox 94 2883 313 2930; x_wconf 70' lang='grc' dir='ltr'><em>στρατηγῇ</em></span> <span class='ocrx_word' id='word_1_256' title='bbox 357 2879 454 2931; x_wconf 86' lang='grc' dir='ltr'><em>πρὸς</em></span> <span class='ocrx_word' id='word_1_257' title='bbox 497 2879 565 2921; x_wconf 72' lang='grc' dir='ltr'><em>τὸν</em></span> <span class='ocrx_word' id='word_1_258' title='bbox 599 2883 678 2921; x_wconf 77' lang='grc' dir='ltr'><em>τῶν</em></span> <span class='ocrx_word' id='word_1_259' title='bbox 711 2879 935 2931; x_wconf 78' lang='grc' dir='ltr'><em>πολεμίων.</em></span> <span class='ocrx_word' id='word_1_260' title='bbox 972 2882 1111 2924; x_wconf 90' lang='lat' dir='ltr'>Nihili</span> <span class='ocrx_word' id='word_1_261' title='bbox 1144 2884 1288 2935; x_wconf 84' lang='lat' dir='ltr'>istud;</span> <span class='ocrx_word' id='word_1_262' title='bbox 1323 2886 1425 2927; x_wconf 90' lang='lat' dir='ltr'>dele</span> <span class='ocrx_word' id='word_1_263' title='bbox 1456 2886 1539 2937; x_wconf 84' lang='grc' dir='ltr'><em>τόν,</em></span> <span class='ocrx_word' id='word_1_264' title='bbox 1573 2889 1696 2942; x_wconf 91' lang='lat' dir='ltr'>quod</span> 
     </span>
     <span class='ocr_line' id='line_1_35' title="bbox 93 2956 1696 3021; baseline 0.008 -23"><span class='ocrx_word' id='word_1_265' title='bbox 93 2963 197 3012; x_wconf 90' lang='lat' dir='ltr'>post</span> <span class='ocrx_word' id='word_1_266' title='bbox 229 2956 325 3010; x_wconf 87' lang='grc' dir='ltr'><em>πρός</em></span> <span class='ocrx_word' id='word_1_267' title='bbox 355 2959 533 3014; x_wconf 87' lang='lat' dir='ltr'>legitur,</span> <span class='ocrx_word' id='word_1_268' title='bbox 563 2968 612 3003; x_wconf 94' lang='lat' dir='ltr'>ut</span> <span class='ocrx_word' id='word_1_269' title='bbox 639 2962 822 3017; x_wconf 87' lang='lat' dir='ltr'>elegans</span> <span class='ocrx_word' id='word_1_270' title='bbox 851 2963 1059 3004; x_wconf 87' lang='lat' dir='ltr'>obtineas</span> <span class='ocrx_word' id='word_1_271' title='bbox 1087 2964 1283 3007; x_wconf 92' lang='lat' dir='ltr'>dictum:</span> <span class='ocrx_word' id='word_1_272' title='bbox 1313 2972 1567 3020; x_wconf 71' lang='grc' dir='ltr'><em>στρατηγεῖν</em></span> <span class='ocrx_word' id='word_1_273' title='bbox 1597 2966 1696 3021; x_wconf 71' lang='grc' dir='ltr'><em>πρὸς</em></span> 
     </span>
    </p>
   </div>
  </div>
 </body>
</html>
