2040 3412
898 257 978 289 201

135 377 240 407 nem
297 364 592 406 kalendarum
642 366 950 407 Ianuariarum
1001 364 1277 423 [inchoando
1325 363 1462 422 anno]
1514 363 1742 406 retinuit.”

133 490 139 496 ,
194 445 310 487 Illud
343 451 497 487 tamen
530 446 681 488 denuo
715 447 760 488 in
793 452 972 489 textum
1006 448 1188 489 reduxit
1223 448 1491 496 Furneaux;
1526 446 1740 500 equidem

133 525 286 581 potius
317 526 612 569 kalendarum
644 527 975 570 Ianuariarum
1010 542 1193 583 quoque
1228 528 1489 570 deleverim.
1529 540 1532 543 ·

194 606 313 657 Non,
359 613 407 648 ut
450 607 626 662 opinor,
669 613 763 654 tam
802 608 1039 663 imperitos
1071 609 1396 663 antiquitatum
1430 609 1623 650 lectores
1656 607 1741 649 sibi

133 687 266 730 finxit
297 687 484 730 Tacitus
514 694 565 730 ut
598 689 726 739 XIII,
758 702 842 743 43:

197 768 504 823 „Repertique
536 775 823 811 accusatores
856 770 1060 824 direptos
1092 771 1253 820 socios,
1287 785 1390 812 cum
1424 770 1605 813 Suillius
1638 784 1740 825 pro-

132 849 328 891 vinciam
362 849 522 891 Asiam
555 855 746 904 regeret,
779 847 831 891 ac
866 851 1126 905 peculatum
1160 850 1450 892 detulerunt'’

192 929 251 971 ad
276 929 530 984 peculatum
563 930 844 972 adscriberet
881 931 1115 985 „publicae
1150 931 1415 986 pecuniae”‚
1448 946 1566 986 quae
1600 932 1740 973 verba

133 1023 253 1051 nunc
285 1010 331 1052 in
363 1015 494 1052 textu
526 1011 750 1065 leguntur.

193 1089 266 1131 Ex
293 1091 458 1132 eodem
485 1105 653 1145 genere
680 1093 1028 1134 annotationem
1057 1093 1312 1135 invenimus
1336 1093 1464 1143 XIII,
1487 1103 1554 1147 51.
1573 1094 1741 1148 Agitur

131 1168 188 1211 de
238 1170 433 1212 Neronis
480 1171 690 1222 consiliis,
741 1173 905 1226 quibus
953 1173 1075 1214 cives
1124 1174 1477 1228 peregrinosque
1527 1171 1740 1216 oneribus

32 1226 35 1241 ¹¹
92 1269 93 1275 ¹
129 1249 300 1292 levavit
314 1267 323 1292 :

195 1330 497 1386 „Temperata
524 1333 645 1387 apud
673 1334 996 1375 transmarinas
1024 1335 1282 1389 provincias
1309 1335 1522 1377 frumenti
1550 1331 1739 1377 su'bvec-

130 1411 218 1462 tio;
263 1417 308 1453 et
342 1425 398 1454 ne
432 1413 642 1454 censibus
674 1415 1011 1468 negotiatorum
1046 1429 1184 1457 naves
1217 1416 1550 1458 ascriberentur
1583 1413 1739 1473 [tribu-

129 1495 320 1546 tumque
354 1507 436 1548 pro
470 1493 555 1535 illis
589 1493 861 1552 penderent]
895 1496 1240 1538 constitutum.'’

194 1572 351 1614 Verba
377 1572 550 1616 inclusa
578 1589 670 1616 non
700 1575 846 1617 solum
874 1576 1008 1631 plane
1035 1583 1140 1619 sunt
1168 1591 1461 1632 supervacua,
1491 1579 1740 1620 admodum

133 1654 253 1695 enirn
284 1655 523 1709 perspicua
555 1662 659 1697 sunt
693 1671 809 1711 quae
842 1653 1021 1712 scripsit
1055 1658 1255 1708 Tacitus,
1290 1673 1436 1713 neque
1465 1660 1739 1713 exquisitam

129 1733 408 1777 locutionem
468 1737 702 1779 vocabulis
759 1738 1037 1792 pervulgatis
1086 1745 1406 1794 corrumpunt,
1465 1741 1545 1781 sed
1595 1745 1740 1781 totam

128 1817 385 1858 sententiae
417 1823 690 1859 structuram
725 1820 1036 1873 pessumdant.

191 1895 249 1938 A.
285 1897 412 1947 XIV,
448 1898 488 1939 8.
523 1897 658 1940 Salva
685 1900 775 1940 iam
803 1901 861 1941 ad
891 1900 1042 1941 villam
1072 1915 1199 1942 suam
1228 1901 1495 1956 Agrippina·
1516 1902 1738 1956 pervenit,

128 1977 209 2018 sed
241 1977 373 2019 simul
406 1978 572 2020 adsunt
607 1978 831 2021 Anicetus
865 1980 1136 2035 militesque,
1172 1982 1248 2035 qui
1282 1982 1358 2023 ubi
1393 1982 1436 2022 vi
1467 1982 1737 2036 irruperunt,

131 2055 389 2112 Agrippina

194 2138 403 2192 „respicit
446 2138 695 2182 Anicetum
728 2140 997 2182 Trierarcho
1033 2141 1275 2184 Herculeio
1310 2148 1355 2184 et
1389 2142 1595 2193 Obarito,
1631 2157 1734 2184 cen-

131 2218 310 2260 turione
350 2219 590 2270 classiario,
635 2222 926 2263 comitatum:
972 2237 1039 2272 ac,
1083 2224 1118 2264 si
1162 2224 1219 2264 ad
1254 2224 1492 2268 visendum
1526 2225 1739 2274 venisset,

132 2297 324 2340 refotam
367 2301 610 2351 nuntiaret,
653 2302 721 2343 sin
765 2302 938 2344 facinus
982 2309 1254 2358 patraturus,
1299 2303 1410 2345 nihil
1452 2318 1500 2346 se
1543 2305 1601 2346 de
1644 2305 1737 2346 filio

131 2379 360 2421 credere.’'

190 2458 422 2501 Praeclare
455 2461 528 2502 hic
562 2463 715 2504 omnia
742 2469 846 2504 sunt
874 2465 1110 2505 enuntiata
1138 2470 1297 2518 estque
1325 2479 1474 2506 sermo
1502 2471 1548 2507 et
1575 2466 1737 2508 Tacito

128 2538 417 2593 dignissimus
459 2547 505 2582 et
549 2543 734 2584 muliere
778 2544 1013 2598 primaria:
1059 2559 1149 2586 non
1193 2545 1289 2586 vult
1331 2546 1476 2587 diram
1519 2560 1614 2587 rem
1656 2560 1737 2589 suo

129 2620 360 2674 appellare
403 2622 600 2672 nomine,
646 2637 754 2677 ergo
798 2626 1053 2666 verecunde
1097 2639 1196 2666 eam
1242 2627 1391 2667 verbis
1430 2627 1565 2680 „nihil
1598 2642 1646 2670 se
1679 2629 1736 2670 de

110 2699 223 2762 'filio
266 2701 482 2742 credere'’
525 2703 764 2757 significat.
814 2704 880 2745 At
923 2705 1099 2746 inutilia
1145 2706 1306 2747 Tacito
1340 2707 1385 2748 et
1419 2708 1657 2750 consilium
1690 2709 1736 2751 et

131 2792 203 2821 ars
240 2794 321 2822 sua
362 2781 564 2833 fuerunt;
609 2784 829 2825 translata
863 2786 984 2836 enim
1018 2786 1063 2826 in
1098 2792 1278 2828 textum
1311 2789 1610 2831 annotatione
1644 2805 1736 2832 ma-

131 2860 312 2914 gistelli,
356 2863 582 2904 rusticana
625 2877 743 2905 nunc
786 2865 1079 2919 simplicitate
1123 2867 1245 2908 dicta
1287 2874 1392 2909 sunt
1434 2870 1600 2911 omnia.
1645 2870 1736 2913 Sed

131 2953 214 2981 nos
246 2941 366 2982 istud
400 2956 483 2983 non
516 2943 784 2997 imperatum
809 2945 1130 2999 parricidium,
1159 2948 1283 3001 quod
1309 2962 1428 2989 nunc
1456 2948 1730 3004 elegantiam
