2040 3412
867 858 971 900 XV.
1002 849 1008 854 ⁵

23 1005 47 1031 '⁷
100 1056 105 1058 .
156 1021 275 1064 ‘Iam
303 1023 348 1064 in
377 1024 669 1078 praecedenti
693 1011 848 1086 'capite
877 1039 1015 1067 unum
1037 1025 1321 1079 alterumque
1341 1026 1536 1071 indicavi
1555 1027 1719 1077 locum,

83 1090 195 1158 ⁴qui
228 1102 353 1145 nullo
385 1104 474 1146 alio
507 1106 653 1147 sanari
690 1106 828 1147 modo
862 1111 1016 1161 posset
1050 1120 1188 1161 quam
1222 1107 1456 1149 vocabulis
1489 1107 1667 1162 aliquot
1696 1123 1720 1149 e

113 1188 244 1227 textu
289 1185 556 1227 eximendis.
610 1186 693 1228 Est
737 1188 859 1228 enim
902 1188 1023 1242 apud
1068 1187 1279 1230 Tacitum
1312 1188 1484 1230 affatim
1518 1188 1721 1231 locorum

75 1264 78 1271 '
113 1271 446 1320 corruptorum,
493 1267 657 1321 quibus
701 1267 785 1309 hae
829 1268 1008 1312 medela
1045 1269 1192 1310 afferri
1226 1269 1344 1311 salus
1378 1269 1559 1320 debeat,
1594 1284 1720 1324 prae-

111 1346 272 1388 sertim
314 1347 359 1389 in
393 1348 446 1389 iis
478 1348 616 1399 libris,
650 1363 765 1403 quos
798 1350 947 1392 codex
983 1350 1215 1392 Mediceus
1247 1350 1361 1392 alter
1394 1351 1603 1401 servavit,
1639 1352 1718 1392 sed

47 1416 50 1419 Δ
114 1440 263 1482 neque
297 1428 420 1483 prior
451 1429 504 1470 iis
537 1435 674 1471 caret.
710 1430 808 1471 Hos
842 1444 975 1480 nunc,
1008 1431 1044 1471 si
1077 1444 1168 1472 non
1202 1444 1375 1480 omneS,
1403 1436 1450 1472 at
1480 1419 1720 1485 plerosque

116 1521 385 1563 proponam,
421 1515 467 1550 et
826 1489 833 1498 .

419 1579 422 1582 ⁴
537 1591 754 1644 quoniam
786 1591 898 1633 haec
932 1592 1047 1634 ratio
1081 1592 1348 1647 plerumque
1383 1594 1563 1635 videtur

299 1670 461 1712 Futilis
495 1685 591 1713 esse
625 1672 790 1726 quibus
824 1686 914 1714 non
948 1653 1016 1714 est
1049 1678 1257 1723 tractata,
1293 1680 1506 1728 retroque

297 1751 473 1806 Vulgus
505 1752 721 1794 abhorret
752 1753 811 1795 ab
844 1754 943 1803 hac,

117 1830 192 1887 vel
235 1832 388 1887 potius
420 1833 636 1887 quoniam
671 1833 792 1876 haud
826 1836 958 1889 pauci
992 1835 1161 1877 nullam
1196 1836 1267 1877 hic
1301 1842 1554 1891 agnoscunt
1589 1837 1723 1878 ratio-

117 1925 242 1962 nem,
295 1913 377 1954 sed
427 1926 598 1955 meram
646 1916 969 1957 tantummodo
1016 1917 1323 1958 temeritatem
1372 1917 1721 1971 levitatemque,

117 1991 277 2034 ordine
306 1994 554 2048 procedam
583 1995 907 2050 ingentemque
939 1998 1174 2038 materiem
1203 1998 1265 2039 ita
1293 1998 1337 2043 in
1367 2004 1489 2040 certa
1518 1999 1720 2040 dividam

115 2073 280 2128 capita,
315 2079 364 2115 ut
395 2074 653 2128 legentibus
681 2075 726 2116 et
753 2090 890 2130 quam
920 2078 1118 2118 maxime
1146 2079 1444 2132 persuadeam
1473 2078 1532 2128 et,
1561 2080 1597 2120 si
1625 2079 1720 2120 fieri

35 2145 47 2154 ⁸
114 2154 271 2208 possit,
315 2155 453 2196 etiam
498 2155 748 2210 voluptatis
786 2157 972 2199 afferam
1005 2158 1191 2212 aliquid.
1245 2159 1399 2213 Atque
1433 2160 1629 2214 primum
1662 2162 1719 2203 de

114 2234 322 2284 externis,
369 2249 485 2289 quae
530 2236 752 2286 dicuntur,
798 2251 931 2291 agam
970 2239 1160 2288 indiciis,
1196 2240 1614 2294 demonstraboque
1647 2240 1720 2282 hic

114 2314 204 2356 illic
246 2316 299 2357 iis
341 2317 724 2359 commaculatum
763 2332 859 2360 esse
894 2320 1220 2362 additamentis
1252 2327 1432 2363 textum
1465 2322 1717 2373 Taciteum‚

114 2409 230 2450 quae
272 2396 380 2437 olim
423 2397 467 2438 in
512 2399 714 2453 margine
757 2399 828 2440 vel
862 2401 980 2441 inter
1014 2400 1155 2442 lineas
1187 2402 1417 2456 adscripta
1450 2402 1583 2444 fuisse
1618 2417 1718 2445 nos-

112 2476 192 2517 tris
236 2476 497 2518 etiamnunc
540 2491 777 2521 cernamus
820 2480 974 2524 oculis,
1025 2481 1121 2522 Iam
1161 2482 1226 2531 iis,
1260 2482 1336 2535 qui
1369 2481 1510 2523 libelli
1545 2484 1633 2524 mei
1665 2484 1718 2526 de

107 2556 398 2599 Emblematz's
440 2558 486 2600 z'n
509 2558 734 2601 -Platonz's
766 2568 887 2602 textu
920 2561 1058 2602 obviis
1090 2562 1258 2616 primas
1292 2563 1604 2616 adspexerunt
1639 2578 1716 2619 pa-

18 2654 20 2658 *
108 2636 251 2691 ginas,
284 2644 395 2680 nota
426 2645 531 2680 sunt
565 2640 650 2681 ista
684 2654 742 2682 ex
775 2642 988 2683 Mediceo
1021 2642 1192 2684 altero:

43 2712 45 2714 ’
170 2716 305 2771 (Hist.
351 2718 408 2768 ΙΙ,
451 2719 548 2773 98);
594 2733 717 2761 mare
760 2735 942 2775 quoque
981 2727 1027 2762 et
1060 2723 1122 2763 esi
1142 2724 1303 2779 flabra
1335 2724 1555 2778 aquilonis
1588 2739 1714 2767 artrm

27 2851 28 2854 Ἴ
111 2795 219 2838 flatu
246 2797 291 2838 in
315 2797 551 2840 Orientem
579 2801 898 2854 navigantibus
923 2803 1187 2853 secundum,
1207 2804 1313 2845 inde
1331 2806 1572 2847 adversum
1590 2811 1687 2847 erat

39 2866 50 2876 ³
110 2881 156 2917 et
199 2876 335 2931 (Hist.
381 2878 461 2927 ΙΙΙ,
509 2879 603 2933 20):
644 2886 689 2921 et
723 2881 879 2930 vineis,
915 2882 1259 2925 machinamenti
1284 2898 1427 2939 genus
1458 2886 1523 2927 ad
1550 2894 1718 2941 expug-

106 2957 273 2999 nandos
299 2972 451 3000 muros
476 2959 522 3000 in
550 2961 724 3002 modum
753 2962 953 3004 turrium
972 2964 1155 3018 factum
1183 2965 1218 3005 is
1246 2966 1555 3020 aggredienda
1588 2967 1717 3010 urbs,
