2040 3412
878 320 963 366 259

121 432 420 477 Scaevinus”:
455 432 564 474 dum
597 432 801 473 nondum
829 437 1002 473 certum
1029 436 1126 472 erat
1153 430 1332 485 qualem
1361 445 1408 472 se
1436 430 1721 485 praebiturus

121 506 240 557 ess'et
282 513 543 562 Scaevinus,
587 511 822 554 fortiterne
866 512 1245 566 interrogationes
1288 517 1426 566 atque
1460 511 1598 552 etiam
1630 515 1721 551 tor-

46 611 90 660 ,
120 599 278 637 menta
318 593 605 643 toleraturus,
638 606 695 634 an
730 591 1014 634 consessurus
1047 605 1429 646 communemque
1462 590 1722 646 proditurus

122 687 318 718 causam.

181 834 242 877 A.
276 833 386 884 XV5
414 834 486 888 63.
520 833 590 874 De
625 831 827 875 Senecae
861 837 1008 872 morte
1041 836 1086 872 et
1119 830 1206 872 alia
1239 836 1285 872 et
1317 830 1429 872 haec
1462 830 1677 884 legimus:

47 974 50 978 Δ
187 914 474 970 „Novissime
507 926 691 968 quoque
725 892 960 953 momento
992 911 1315 965 suppeditante
1345 911 1618 965 eloquentia,
1646 910 1724 951 ad·

123 995 299 1039 vocatis
338 993 635 1049 scriptoribus
678 992 894 1053 pleraque
936 992 1138 1043 tradidit,
1184 1004 1299 1045 quae
1331 991 1376 1032 in
1410 990 1569 1045 vulgus
1601 990 1725 1031 edita

46 1084 51 1090 ⁴
74 1070 98 1107 Ϋ
124 1077 220 1119 eius
250 1075 401 1131 verbis
433 1075 657 1116 invertere
690 1071 1010 1127 supersedeo.”

185 1148 312 1200 Istud
343 1154 436 1199 eius
466 1154 614 1198 verbis
639 1168 742 1196 cum
769 1154 887 1196 edita
914 1153 1194 1207 iungendum
1222 1165 1318 1193 esse
1347 1157 1503 1193 monet
1531 1140 1736 1206 Nipperss

31 1230 75 1286 ἶ,
124 1238 267 1288 deius,
299 1242 346 1279 et
378 1249 537 1297 revera
570 1249 626 1276 ne
660 1239 814 1290 potest
842 1234 1026 1288 quidem
1056 1246 1158 1274 cum
1186 1231 1276 1273 ullo
1303 1231 1391 1273 alio
1419 1232 1541 1285 iungi
1570 1231 1724 1281 verbo,

125 1319 236 1374 quin
278 1317 414 1373 plane
455 1317 513 1357 sit
554 1315 802 1356 absurdum
845 1319 891 1354 et
930 1318 1093 1354 cuncta
1127 1312 1374 1367 perturbet.
1410 1312 1582 1353 Verum
1616 1311 1725 1365 quid

125 1399 212 1442 sibi
243 1397 355 1448 vult,
387 1398 424 1438 si
457 1398 547 1438 iam
579 1409 682 1437 cum
714 1395 832 1437 edita
864 1395 1068 1435 iunctum
1102 1391 1196 1434 est?
1231 1392 1367 1433 Plane
1396 1405 1726 1446 supervacuum

127 1480 321 1523 videtur.
365 1478 536 1520 Annon
579 1490 650 1518 res
691 1476 790 1530 ipsa
827 1474 1039 1528 loquitur,
1075 1486 1190 1527 quae
1224 1486 1250 1513 a
1289 1470 1637 1526 „scriptoribus”
1671 1484 1729 1512 ex

126 1573 206 1603 ore
232 1559 434 1604 Senecae
460 1558 549 1599 sint
578 1561 785 1610 excepta,
815 1554 997 1596 Senecae
1021 1553 1168 1595 verbis
1194 1553 1240 1593 in
1269 1552 1428 1606 vulgus
1456 1552 1579 1593 edita
1606 1549 1728 1592 esse?

128 1639 303 1696 Quodsi
337 1639 437 1694 quis
469 1643 625 1679 tamen
658 1635 921 1677 addendum
955 1634 1178 1675 eiusmodi
1210 1632 1380 1686 aliquid
1414 1631 1548 1673 fuisse
1570 1636 1728 1686 putat,

128 1726 178 1763 ut
210 1724 329 1763 esset
359 1719 484 1774 quod
516 1717 572 1768 τῷ
606 1717 828 1767 invertere
860 1718 1170 1769 opponeretur
1202 1737 1260 1742 —
1293 1725 1444 1753 nonne
1478 1711 1550 1752 hic
1578 1711 1729 1752 dicen-

35 1782 238 1843 „fidum
285 1804 383 1841 erat
429 1799 570 1854 ian-us
614 1796 774 1846 verbis,
818 1795 956 1848 idque
1000 1799 1106 1835 ante
1148 1793 1266 1834 edita
1309 1789 1602 1846 ponendum?
1646 1791 1730 1832 His

127 1880 363 1937 perpensis
410 1879 520 1921 mihi
564 1891 620 1919 ne
662 1877 822 1918 umbra
865 1875 1051 1928 quidem
1094 1878 1235 1914 restat
1279 1872 1578 1914 dubitationis
1620 1871 1728 1926 quin

127 1961 374 2016 legendum
415 1959 497 2000 sit:
546 1957 678 2012 „meis
709 1955 860 1997 verbis
892 1955 1118 1995 invertere
1151 1950 1472 2007 supersedeo.”
1507 1950 1572 1992 Cf.
1607 1950 1730 2004 quod

58 2040 61 2041 ⁷
127 2055 165 2084 c.
198 2041 255 2097 67
297 2039 447 2083 Subrii
490 2038 637 2079 Flavii
680 2048 898 2090 responso
941 2034 1110 2075 tradito
1153 2033 1358 2074 additur:
1410 2031 1533 2086 „ipsa
1573 2030 1726 2071 rettuli

128 2122 283 2172 verba,
311 2121 417 2176 quia
445 2133 551 2170 non,
584 2124 634 2160 ut
667 2117 883 2165 Senecae,
918 2114 1102 2168 vulgata
1134 2118 1276 2162 erant,
1310 2126 1394 2153 nec
1427 2112 1574 2152 minus
1607 2111 1731 2151 nosci

131 2202 327 2246 decebat
354 2201 559 2243 militaris
586 2199 669 2240 viri
696 2210 852 2239 sensus
882 2196 1142 2248 incomptos
1170 2199 1215 2234 et
1242 2191 1464 2241 validos”;
1484 2192 1581 2245 ipsa
1599 2191 1735 2233 retuli

130 2283 266 2327 verba
296 2283 324 2324 i.
352 2297 391 2324 e.
431 2295 548 2336 „non
583 2280 694 2321 meis
727 2277 878 2319 verbis
912 2275 1041 2316 Flavi
1074 2287 1342 2328 responsum
1374 2271 1582 2313 inverti.”

191 2365 357 2408 Statim
380 2368 484 2418 post
501 2362 611 2403 illud
631 2359 777 2401 Flavii
796 2369 1062 2411 responsum
1081 2355 1310 2396 adduntur
1329 2353 1441 2394 haec
1460 2352 1573 2406 (cap.
1593 2351 1734 2405 eod.):

197 2443 348 2500 „Nihil
375 2444 421 2485 in
448 2443 524 2484 illa
552 2439 866 2483 coniuratione
893 2436 1075 2491 gravius
1102 2434 1285 2475 auribus
1304 2433 1498 2474 Neronis
1516 2431 1733 2473 accidisse

133 2525 351 2575 constitit,
395 2525 472 2578 qui
516 2529 565 2564 ut
598 2520 816 2563 faciendis
848 2516 1093 2559 sceleribus
1126 2519 1376 2569 promptuS,
1412 2514 1474 2554 ita
1505 2512 1733 2561 audiendi,

89 2608 104 2623 '
133 2621 250 2663 quae
283 2606 466 2655 faceret,
500 2603 699 2645 insolens
730 2598 870 2642 erat.”

194 2689 247 2730 In
290 2700 403 2728 voce
447 2699 491 2739 q.
520 2698 559 2726 e.
589 2685 770 2739 faceret
800 2677 1116 2720 coniunctivus
1149 2674 1331 2729 probari
1365 2674 1545 2728 nequit:
1580 2685 1736 2714 sensus

135 2769 257 2811 enim
300 2773 393 2809 est:
442 2776 700 2819 „nunquam
744 2761 867 2802 Nero
912 2757 1031 2798 facta
1074 2769 1153 2796 sua
1186 2767 1267 2795 suo
1301 2754 1483 2795 nomine
1517 2751 1737 2807 appellari

135 2846 404 2898 audiebat”;
439 2843 757 2900 imperfectum
790 2846 971 2892 tempus
1004 2848 1163 2890 parum
1196 2839 1370 2875 rectum
1398 2834 1579 2874 videtur
1591 2850 1600 2882 ;
1631 2845 1736 2873 nam

137 2929 281 2972 multo
314 2928 458 2982 magis
489 2926 562 2967 hic
595 2936 744 2966 sermo
778 2926 847 2962 est
878 2919 935 2960 de
969 2918 1021 2958 iis
1053 2916 1187 2957 rebus
1220 2928 1332 2969 quas
1366 2915 1441 2956 diu
1474 2919 1580 2955 ante
1614 2913 1737 2954 Nero

137 3009 418 3068 perpetravit
461 3020 598 3062 quam
643 3005 699 3045 de
742 3003 794 3043 iis
838 3001 882 3041 in
928 2997 1091 3052 quibus
1134 2997 1235 3037 cum
1280 2994 1477 3036 maxime
1509 2996 1736 3035 versatur.
