2040 3412
617 361 620 364 -
846 333 924 378 145

43 424 67 465 ἶ,
46 447 396 509 promitteret.
431 445 608 489 Scimus
640 447 761 488 enim
795 460 898 488 eum
930 446 1143 502 Augusto
1177 447 1322 490 visum
1356 462 1454 490 esse
1487 448 1697 502 „avidum

43 527 305 586 (imperii)
337 532 384 568 et
417 526 654 568 minorem’
659 526 771 582 ’.(A
801 527 833 576 Ι,
871 527 950 582 13),
979 528 1146 569 scimus
1174 542 1356 583 quoque
1385 528 1425 584 (e
1453 528 1613 571 Servio
1640 529 1699 570 ad

39 605 225 664 Virg
259 606 356 650 Ecl.
388 607 433 662 4)
465 607 520 649 ab
551 607 627 649 illo
659 607 858 649 fabulam
892 621 1107 662 sparsam,
1142 622 1233 662 qua
1266 609 1324 650 de
1351 608 1568 650 Pollionis
1594 622 1699 650 con-

43 679 203 738 sulis
229 687 322 731 filio
349 701 526 730 summa
553 701 778 742 quaeque,
805 693 1040 742 tamquam
1068 689 1124 730 de
1154 688 1303 730 futuro
1331 689 1507 743 imperii
1536 689 1700 744 capite,

53 769 394 819 vaticinatum
436 782 533 810 esse
577 768 819 824 Virgilium
858 769 1044 823 quidam
1079 770 1369 811 crediderunt
1403 769 1473 825 (cf.
1509 770 1703 812 Boissier

42 840 142 907 „la
173 849 384 905 Religion
418 849 642 891 Romaine
676 849 765 890 vol.
800 849 850 903 I).
885 848 1012 903 Quae
1045 850 1081 891 si
1114 864 1206 892 non
1241 864 1357 892 vana
1389 851 1586 906 suspicio
1619 857 1700 900 est,

42 942 64 967 2
79 937 191 980 non
222 929 369 972 solum
401 929 506 972 ideo
538 929 772 971 Tiberium
807 930 1097 980 admiramur,
1131 931 1266 985 quod
1283 931 1465 986 ineptae
1494 932 1552 973 de
1579 931 1704 973 libris

44 1007 334 1068 Sibyllinis
360 1009 654 1065 inspiciendis
680 1010 934 1052 sententiae
960 1011 1159 1072 prudens
1182 1012 1448 1066 opposuerit
1466 1011 1703 1053 consilium

44 1098 74 1135 ’ὲ
52 1071 240 1139 totius
272 1091 443 1145 negotii
475 1090 714 1163 sagacibus
747 1091 996 1146 peritisque
1029 1092 1277 1134 mandandi
1306 1093 1425 1143 viris,
1453 1093 1533 1134 sed
1563 1092 1705 1147 magis

38 1212 52 1234 ἃ
53 1171 239 1220 etiam
280 1170 399 1213 hanc
442 1170 502 1212 ob
544 1184 741 1221 causam,
786 1171 910 1226 quod
954 1171 1169 1214 stolidum
1214 1172 1456 1223 aemulum,
1498 1173 1707 1227 quamvis

39 1233 198 1312 *Jeius
234 1251 514 1306 perspiceret
545 1251 749 1301 artificia,
782 1251 916 1293 rebus
950 1252 1102 1306 potius
1134 1266 1271 1307 quam
1304 1253 1454 1294 verbis
1486 1252 1706 1294 refutarit.

101 1330 236 1375 Certe
268 1331 379 1374 nihil
411 1331 484 1374 hic
516 1331 746 1374 commisit
773 1331 982 1374 Tiberius
1009 1333 1133 1386 quod
1163 1333 1235 1374 vel
1263 1332 1492 1375 levissima
1519 1334 1706 1388 dignum

101 1417 220 1455 esset
252 1412 603 1467 vituperatione.
637 1412 699 1454 Et
732 1417 887 1453 tamen
921 1410 1120 1463 Tacitus,
1154 1426 1210 1455 eo
1237 1413 1353 1464 loco,
1384 1427 1521 1468 quem
1547 1413 1708 1468 reliqui

56 1495 78 1528 ’ἴ
102 1504 311 1543 vacuum,
354 1493 464 1547 quid
508 1491 688 1547 posuit?
722 1492 901 1547 Nempe
925 1494 1115 1548 perinde
1146 1494 1300 1536 divina
1331 1494 1611 1548 humanaque
1643 1493 1711 1535 ob-

104 1579 264 1629 tegens,
312 1586 430 1628 quae
478 1573 618 1615 verba
666 1573 744 1614 vix
789 1573 1216 1629 interpretationem
1260 1574 1509 1616 admittunt
1552 1573 1710 1615 ullam:

52 1659 72 1675 “
105 1653 207 1708 quis
233 1653 355 1696 enim
383 1667 466 1709 pro
495 1659 621 1695 certo
649 1659 850 1695 statuere
878 1653 1021 1708 possit
1049 1668 1166 1708 quae
1194 1654 1252 1695 sit
1280 1668 1436 1696 eorum
1459 1653 1713 1696 sententia?

108 1733 264 1778 Unum
295 1733 383 1776 hoc
416 1735 625 1776 videmus
658 1734 731 1776 hic
765 1748 948 1789 quoque
981 1748 1028 1776 se
1062 1734 1224 1776 Tacito
1257 1735 1514 1777 abstrusam
1542 1735 1714 1777 arcani-

54 1797 59 1800 .
57 1828 197 1871 que
239 1820 539 1870 appetentem
582 1815 834 1857 Domitiani
878 1815 1096 1857 obtulisse
1129 1815 1330 1857 indolem
1364 1841 1420 1847 -
1454 1817 1489 1857 si
1524 1830 1714 1870 usquam

66 1891 444 1950 intempestive,
488 1895 561 1936 hic
603 1895 824 1950 profecto.
871 1896 989 1938 Nam
1033 1897 1091 1937 de
1134 1896 1319 1938 Tiberio
1361 1911 1478 1951 quae
1511 1896 1584 1938 hic
1618 1910 1716 1938 nar-

44 1958 70 2017 {2
109 1980 279 2026 rantur,
312 1976 466 2018 omnia
498 1981 604 2017 sunt
636 1990 774 2031 quam
805 1977 1090 2031 apertissima
1122 1977 1559 2032 simplicissimaque.

47 2054 52 2089 ἶ
119 2094 123 2099 .
171 2054 263 2100 Sed
305 2046 492 2098 om'nino
535 2070 759 2111 nusquam
797 2057 940 2111 magis
971 2057 1123 2098 studio
1157 2057 1323 2107 omnia,
1359 2070 1475 2111 quae
1508 2057 1718 2098 Tiberius

111 2135 269 2179 fecerit
302 2168 312 2178 .
331 2169 342 2178 .
363 2168 373 2178 .
393 2168 403 2178 .
436 2142 515 2179 aut
547 2150 639 2178 non
673 2137 844 2187 fecerit,
878 2137 922 2178 in
953 2138 1152 2179 deterius
1180 2138 1485 2191 detorquendi
1512 2136 1719 2191 indulget

1 2243 3 2248 π
61 2263 67 2273 ἱ
113 2215 300 2263 Tacitus
340 2230 478 2271 quam
522 2216 609 2258 hoc
653 2217 818 2272 capite.
861 2217 964 2259 Non
993 2218 1164 2272 fecerit
1194 2218 1280 2267 aio,
1314 2231 1420 2258 nam
1454 2231 1510 2258 ne
1543 2230 1660 2271 quae
1694 2231 1719 2258 a

53 2287 70 2326 ,ss
114 2296 300 2340 Tiberio
343 2297 566 2352 neglecta,
600 2298 780 2348 omissa,
813 2303 966 2352 spreta
999 2298 1186 2352 quidem
1218 2303 1323 2338 sunt
1356 2297 1616 2351 turpissima
1649 2310 1720 2338 ca-

0 2371 70 2434 ἶ ἾῙ
116 2391 212 2420 rere
250 2378 507 2433 suspicione
539 2378 726 2420 Tacitus
759 2379 942 2433 patitur,
975 2377 1082 2419 licet
1114 2377 1377 2419 facillimum
1410 2377 1467 2418 sit
1500 2377 1721 2419 honestis-

4 2450 22 2520 [¹
116 2458 278 2501 simam
310 2458 468 2500 afferre
500 2472 696 2500 causam.
727 2457 980 2500 Videamus
1009 2458 1148 2499 modo
1176 2471 1292 2511 quae
1321 2471 1457 2512 porro
1484 2462 1723 2499 narrantur

119 2539 285 2581 eodem
315 2539 488 2594 capite:

193 2618 424 2674 „Edendis
481 2618 822 2673 gladiatoribus,
877 2632 991 2672 quos
1041 2617 1298 2659 Germanici
1347 2617 1494 2659 fratris
1542 2631 1595 2659 ac
1642 2632 1724 2660 suo

14 2715 25 2739 τ,
44 2758 46 2760 V
119 2699 303 2742 nomine
334 2699 577 2749 obtulerat,
613 2699 785 2740 Drusus
818 2698 1060 2753 praesedit,
1094 2711 1371 2752 quamquam
1401 2697 1477 2738 vili
1505 2698 1724 2752 sanguine

58 2795 85 2840 j
123 2779 255 2822 nimis
280 2780 506 2834 gaudens;
535 2779 658 2834 quod
688 2779 733 2820 in
760 2778 921 2833 vulgus
949 2777 1293 2819 formidolosum
1316 2782 1363 2819 et
1380 2782 1510 2831 pater
1527 2778 1726 2832 arguisse

0 2853 21 2903 ⁵,
59 2882 73 2910 γ
124 2858 404 2902 dicebatur.'’

183 2939 420 2982 Hactenus
448 2940 601 2982 omnia
624 2940 681 2982 de
705 2939 890 2981 Tiberio
913 2939 1022 2981 satis
1045 2938 1310 2988 honorifica,
1330 2938 1495 2980 dicitur
1513 2939 1633 2980 enim
1652 2938 1731 2981 filii

126 3020 441 3063 crudelitatem
460 3020 713 3062 identidem
727 3020 1021 3074 vituperasse.
1037 3019 1160 3074 Ergo
1173 3032 1276 3060 cum
1289 3018 1506 3074 deinceps
1518 3018 1731 3073 legimus:

1499 3107 1541 3132 10
