<?xml version="1.0" encoding="UTF-8"?>
<!DOCTYPE html PUBLIC "-//W3C//DTD XHTML 1.0 Transitional//EN"
    "http://www.w3.org/TR/xhtml1/DTD/xhtml1-transitional.dtd">
<html xmlns="http://www.w3.org/1999/xhtml" xml:lang="en" lang="en">
 <head>
  <title>
</title>
<meta http-equiv="Content-Type" content="text/html;charset=utf-8" />
  <meta name='ocr-system' content='tesseract 3.04.00' />
  <meta name='ocr-capabilities' content='ocr_page ocr_carea ocr_par ocr_line ocrx_word'/>
</head>
<body>
  <div class='ocr_page' id='page_1' title='image "analectatacitea00hartuoft_0181.png"; bbox 0 0 2040 3412; ppageno 0'>
   <div class='ocr_carea' id='block_1_1' title="bbox 848 286 927 331">
    <p class='ocr_par' dir='ltr' id='par_1_1' title="bbox 848 286 927 331">
     <span class='ocr_line' id='line_1_1' title="bbox 848 286 927 331; baseline 0 0"><span class='ocrx_word' id='word_1_1' title='bbox 848 286 927 331; x_wconf 89' lang='lat'>173</span> 
     </span>
    </p>
   </div>
   <div class='ocr_carea' id='block_1_2' title="bbox 31 394 1685 452">
    <p class='ocr_par' dir='ltr' id='par_1_2' title="bbox 31 394 1685 452">
     <span class='ocr_line' id='line_1_2' title="bbox 31 394 1685 452; baseline -0.004 -10"><span class='ocrx_word' id='word_1_2' title='bbox 31 414 36 418; x_wconf 65' lang='grc'><strong>“</strong></span> <span class='ocrx_word' id='word_1_3' title='bbox 81 400 203 443; x_wconf 89' lang='lat' dir='ltr'>aliud</span> <span class='ocrx_word' id='word_1_4' title='bbox 250 398 426 441; x_wconf 86' lang='lat' dir='ltr'>externi</span> <span class='ocrx_word' id='word_1_5' title='bbox 471 411 612 452; x_wconf 49' lang='lat' dir='ltr'>rege&amp;</span> <span class='ocrx_word' id='word_1_6' title='bbox 656 403 734 439; x_wconf 88' lang='lat' dir='ltr'>aut</span> <span class='ocrx_word' id='word_1_7' title='bbox 777 397 853 451; x_wconf 92' lang='lat' dir='ltr'>qui</span> <span class='ocrx_word' id='word_1_8' title='bbox 896 398 1058 438; x_wconf 89' lang='lat' dir='ltr'>eadem</span> <span class='ocrx_word' id='word_1_9' title='bbox 1101 396 1290 438; x_wconf 89' lang='lat' dir='ltr'>saevitia</span> <span class='ocrx_word' id='word_1_10' title='bbox 1337 396 1404 437; x_wconf 91' lang='lat' dir='ltr'>usi</span> <span class='ocrx_word' id='word_1_11' title='bbox 1447 400 1565 444; x_wconf 91' lang='lat' dir='ltr'>sunt,</span> <span class='ocrx_word' id='word_1_12' title='bbox 1602 394 1685 435; x_wconf 90' lang='lat' dir='ltr'>nisi</span> 
     </span>
    </p>
   </div>
   <div class='ocr_carea' id='block_1_3' title="bbox 81 476 1694 2060">
    <p class='ocr_par' dir='ltr' id='par_1_3' title="bbox 82 476 1209 533">
     <span class='ocr_line' id='line_1_3' title="bbox 82 476 1209 533; baseline -0.004 -9"><span class='ocrx_word' id='word_1_13' title='bbox 82 481 281 524; x_wconf 86' lang='lat' dir='ltr'><strong>dedecus</strong></span> <span class='ocrx_word' id='word_1_14' title='bbox 313 480 397 521; x_wconf 91' lang='lat' dir='ltr'>sibi</span> <span class='ocrx_word' id='word_1_15' title='bbox 431 485 570 533; x_wconf 90' lang='lat' dir='ltr'>atque</span> <span class='ocrx_word' id='word_1_16' title='bbox 604 479 689 520; x_wconf 93' lang='lat' dir='ltr'>illis</span> <span class='ocrx_word' id='word_1_17' title='bbox 721 478 911 533; x_wconf 85' lang='lat' dir='ltr'>gloriam</span> <span class='ocrx_word' id='word_1_18' title='bbox 945 476 1209 533; x_wconf 89' lang='lat' dir='ltr'>peperere.’‘</span> 
     </span>
    </p>

    <p class='ocr_par' dir='ltr' id='par_1_4' title="bbox 81 557 1694 2060">
     <span class='ocr_line' id='line_1_4' title="bbox 141 557 1687 614; baseline -0.003 -12"><span class='ocrx_word' id='word_1_19' title='bbox 141 559 338 614; x_wconf 87' lang='lat' dir='ltr'>Intelligi</span> <span class='ocrx_word' id='word_1_20' title='bbox 381 559 493 600; x_wconf 90' lang='lat' dir='ltr'>haec</span> <span class='ocrx_word' id='word_1_21' title='bbox 538 563 784 612; x_wconf 90' lang='lat' dir='ltr'>nequeunt,</span> <span class='ocrx_word' id='word_1_22' title='bbox 829 558 912 599; x_wconf 92' lang='lat' dir='ltr'>nisi</span> <span class='ocrx_word' id='word_1_23' title='bbox 945 558 1098 611; x_wconf 89' lang='lat' dir='ltr'>aliquo</span> <span class='ocrx_word' id='word_1_24' title='bbox 1133 558 1271 599; x_wconf 94' lang='lat' dir='ltr'>modo</span> <span class='ocrx_word' id='word_1_25' title='bbox 1305 557 1496 598; x_wconf 87' lang='lat' dir='ltr'>efficitur</span> <span class='ocrx_word' id='word_1_26' title='bbox 1528 562 1578 597; x_wconf 88' lang='lat' dir='ltr'>ut</span> <span class='ocrx_word' id='word_1_27' title='bbox 1611 569 1687 597; x_wconf 89' lang='lat' dir='ltr'>ex-</span> 
     </span>
     <span class='ocr_line' id='line_1_5' title="bbox 81 637 1688 694; baseline -0.002 -12"><span class='ocrx_word' id='word_1_28' title='bbox 81 640 199 682; x_wconf 88' lang='lat' dir='ltr'>terni</span> <span class='ocrx_word' id='word_1_29' title='bbox 231 653 361 694; x_wconf 86' lang='lat' dir='ltr'>reges</span> <span class='ocrx_word' id='word_1_30' title='bbox 394 638 745 693; x_wconf 85' lang='lat' dir='ltr'>imperatoribus</span> <span class='ocrx_word' id='word_1_31' title='bbox 780 638 1092 679; x_wconf 90' lang='lat' dir='ltr'>Romanorum</span> <span class='ocrx_word' id='word_1_32' title='bbox 1125 637 1383 679; x_wconf 90' lang='lat' dir='ltr'>crudelibus</span> <span class='ocrx_word' id='word_1_33' title='bbox 1411 644 1688 692; x_wconf 82' lang='lat' dir='ltr'>opponantur</span> 
     </span>
     <span class='ocr_line' id='line_1_6' title="bbox 83 717 1690 771; baseline -0.002 -9"><span class='ocrx_word' id='word_1_34' title='bbox 83 720 188 769; x_wconf 88' lang='lat' dir='ltr'>Fiet</span> <span class='ocrx_word' id='word_1_35' title='bbox 218 719 329 761; x_wconf 90' lang='lat' dir='ltr'>illud</span> <span class='ocrx_word' id='word_1_36' title='bbox 361 719 396 760; x_wconf 88' lang='lat' dir='ltr'>si</span> <span class='ocrx_word' id='word_1_37' title='bbox 429 726 509 760; x_wconf 89' lang='lat' dir='ltr'>aut</span> <span class='ocrx_word' id='word_1_38' title='bbox 540 718 788 759; x_wconf 90' lang='lat' dir='ltr'>delebitur:</span> <span class='ocrx_word' id='word_1_39' title='bbox 823 718 1000 759; x_wconf 86' lang='lat' dir='ltr'>externi</span> <span class='ocrx_word' id='word_1_40' title='bbox 1034 731 1162 771; x_wconf 86' lang='lat' dir='ltr'>reges</span> <span class='ocrx_word' id='word_1_41' title='bbox 1195 718 1270 771; x_wconf 93' lang='lat' dir='ltr'>qui</span> <span class='ocrx_word' id='word_1_42' title='bbox 1305 717 1467 758; x_wconf 91' lang='lat' dir='ltr'>eadem</span> <span class='ocrx_word' id='word_1_43' title='bbox 1500 717 1690 758; x_wconf 89' lang='lat' dir='ltr'>saevitia</span> 
     </span>
     <span class='ocr_line' id='line_1_7' title="bbox 82 798 1690 848; baseline -0.003 -5"><span class='ocrx_word' id='word_1_44' title='bbox 82 800 150 843; x_wconf 88' lang='lat' dir='ltr'>usi</span> <span class='ocrx_word' id='word_1_45' title='bbox 197 805 313 848; x_wconf 86' lang='lat' dir='ltr'>sunt,</span> <span class='ocrx_word' id='word_1_46' title='bbox 363 799 524 840; x_wconf 91' lang='lat' dir='ltr'>eadem</span> <span class='ocrx_word' id='word_1_47' title='bbox 568 798 741 839; x_wconf 86' lang='lat' dir='ltr'>scilicet</span> <span class='ocrx_word' id='word_1_48' title='bbox 784 798 986 846; x_wconf 86' lang='lat' dir='ltr'>saevitia,</span> <span class='ocrx_word' id='word_1_49' title='bbox 1032 798 1157 838; x_wconf 92' lang='lat' dir='ltr'>cuius</span> <span class='ocrx_word' id='word_1_50' title='bbox 1199 811 1318 838; x_wconf 92' lang='lat' dir='ltr'>nunc</span> <span class='ocrx_word' id='word_1_51' title='bbox 1361 798 1690 838; x_wconf 89' lang='lat' dir='ltr'>documentum</span> 
     </span>
     <span class='ocr_line' id='line_1_8' title="bbox 83 878 1689 933; baseline -0.003 -10"><span class='ocrx_word' id='word_1_52' title='bbox 83 881 211 923; x_wconf 89' lang='lat' dir='ltr'>dedit</span> <span class='ocrx_word' id='word_1_53' title='bbox 252 879 461 921; x_wconf 90' lang='lat' dir='ltr'>Tiberius</span> <span class='ocrx_word' id='word_1_54' title='bbox 503 885 549 920; x_wconf 90' lang='lat' dir='ltr'>et</span> <span class='ocrx_word' id='word_1_55' title='bbox 589 884 749 933; x_wconf 90' lang='lat' dir='ltr'>postea</span> <span class='ocrx_word' id='word_1_56' title='bbox 782 879 930 919; x_wconf 89' lang='lat' dir='ltr'>daturi</span> <span class='ocrx_word' id='word_1_57' title='bbox 965 884 1093 919; x_wconf 91' lang='lat' dir='ltr'>erant</span> <span class='ocrx_word' id='word_1_58' title='bbox 1127 884 1173 919; x_wconf 88' lang='lat' dir='ltr'>et</span> <span class='ocrx_word' id='word_1_59' title='bbox 1206 878 1279 919; x_wconf 89' lang='lat' dir='ltr'>alii</span> <span class='ocrx_word' id='word_1_60' title='bbox 1314 878 1612 932; x_wconf 89' lang='lat' dir='ltr'>imperatores</span> <span class='ocrx_word' id='word_1_61' title='bbox 1643 884 1689 918; x_wconf 92' lang='lat' dir='ltr'>et</span> 
     </span>
     <span class='ocr_line' id='line_1_9' title="bbox 83 955 1690 1016; baseline -0.002 -13"><span class='ocrx_word' id='word_1_62' title='bbox 83 955 192 1016; x_wconf 88' lang='lat' dir='ltr'>prae</span> <span class='ocrx_word' id='word_1_63' title='bbox 239 961 402 1002; x_wconf 89' lang='lat' dir='ltr'>ceteris</span> <span class='ocrx_word' id='word_1_64' title='bbox 450 959 761 1003; x_wconf 86' lang='lat' dir='ltr'>Domitianus:</span> <span class='ocrx_word' id='word_1_65' title='bbox 823 973 928 1000; x_wconf 89' lang='lat' dir='ltr'>nam</span> <span class='ocrx_word' id='word_1_66' title='bbox 987 955 1391 1013; x_wconf 86' lang='lat' dir='ltr'>(quemadmodum</span> <span class='ocrx_word' id='word_1_67' title='bbox 1441 959 1690 1000; x_wconf 86' lang='lat' dir='ltr'>rectissime</span> 
     </span>
     <span class='ocr_line' id='line_1_10' title="bbox 82 1038 1688 1094; baseline -0.002 -11"><span class='ocrx_word' id='word_1_68' title='bbox 82 1041 297 1083; x_wconf 87' lang='lat' dir='ltr'>observat</span> <span class='ocrx_word' id='word_1_69' title='bbox 339 1039 598 1094; x_wconf 89' lang='lat' dir='ltr'>Furneaux)</span> <span class='ocrx_word' id='word_1_70' title='bbox 637 1040 694 1080; x_wconf 91' lang='lat' dir='ltr'>de</span> <span class='ocrx_word' id='word_1_71' title='bbox 728 1039 814 1080; x_wconf 93' lang='lat' dir='ltr'>hoc</span> <span class='ocrx_word' id='word_1_72' title='bbox 848 1038 1112 1093; x_wconf 89' lang='lat' dir='ltr'>praesertim</span> <span class='ocrx_word' id='word_1_73' title='bbox 1146 1039 1319 1092; x_wconf 83' lang='lat' dir='ltr'>cogitat</span> <span class='ocrx_word' id='word_1_74' title='bbox 1352 1039 1551 1088; x_wconf 82' lang='lat' dir='ltr'>Tacitus,</span> <span class='ocrx_word' id='word_1_75' title='bbox 1585 1052 1688 1080; x_wconf 91' lang='lat' dir='ltr'>cum</span> 
     </span>
     <span class='ocr_line' id='line_1_11' title="bbox 83 1116 1693 1174; baseline -0.002 -11"><span class='ocrx_word' id='word_1_76' title='bbox 83 1134 239 1163; x_wconf 88' lang='lat' dir='ltr'>eorum</span> <span class='ocrx_word' id='word_1_77' title='bbox 287 1121 444 1162; x_wconf 87' lang='lat' dir='ltr'>irridet</span> <span class='ocrx_word' id='word_1_78' title='bbox 492 1116 761 1169; x_wconf 79' lang='lat' dir='ltr'>socordiam,</span> <span class='ocrx_word' id='word_1_79' title='bbox 813 1120 888 1173; x_wconf 93' lang='lat' dir='ltr'>qui</span> <span class='ocrx_word' id='word_1_80' title='bbox 938 1120 1165 1173; x_wconf 83' lang='lat' dir='ltr'>praesenti</span> <span class='ocrx_word' id='word_1_81' title='bbox 1210 1119 1417 1173; x_wconf 89' lang='lat' dir='ltr'>potentia</span> <span class='ocrx_word' id='word_1_82' title='bbox 1460 1119 1693 1174; x_wconf 86' lang='lat' dir='ltr'>sequentis</span> 
     </span>
     <span class='ocr_line' id='line_1_12' title="bbox 83 1200 1692 1254; baseline -0.002 -11"><span class='ocrx_word' id='word_1_83' title='bbox 83 1201 184 1244; x_wconf 90' lang='lat' dir='ltr'>aevi</span> <span class='ocrx_word' id='word_1_84' title='bbox 213 1202 479 1243; x_wconf 91' lang='lat' dir='ltr'>memoriam</span> <span class='ocrx_word' id='word_1_85' title='bbox 505 1200 710 1254; x_wconf 83' lang='lat' dir='ltr'>extingui</span> <span class='ocrx_word' id='word_1_86' title='bbox 740 1213 872 1254; x_wconf 89' lang='lat' dir='ltr'>posse</span> <span class='ocrx_word' id='word_1_87' title='bbox 901 1200 1206 1240; x_wconf 90' lang='lat' dir='ltr'>crediderunt.</span> <span class='ocrx_word' id='word_1_88' title='bbox 1235 1200 1343 1240; x_wconf 90' lang='lat' dir='ltr'>Post</span> <span class='ocrx_word' id='word_1_89' title='bbox 1366 1200 1692 1253; x_wconf 89' lang='lat' dir='ltr'>imperatorum</span> 
     </span>
     <span class='ocr_line' id='line_1_13' title="bbox 86 1279 1694 1335; baseline -0.002 -11"><span class='ocrx_word' id='word_1_90' title='bbox 86 1282 411 1331; x_wconf 88' lang='lat' dir='ltr'>Romanorum,</span> <span class='ocrx_word' id='word_1_91' title='bbox 446 1294 639 1335; x_wconf 91' lang='lat' dir='ltr'>quorum</span> <span class='ocrx_word' id='word_1_92' title='bbox 671 1294 836 1334; x_wconf 87' lang='lat' dir='ltr'>agmen</span> <span class='ocrx_word' id='word_1_93' title='bbox 871 1279 1041 1321; x_wconf 91' lang='lat' dir='ltr'>claudit</span> <span class='ocrx_word' id='word_1_94' title='bbox 1075 1280 1379 1328; x_wconf 91' lang='lat' dir='ltr'>Domitianus,</span> <span class='ocrx_word' id='word_1_95' title='bbox 1415 1293 1694 1321; x_wconf 91' lang='lat' dir='ltr'>commemo-</span> 
     </span>
     <span class='ocr_line' id='line_1_14' title="bbox 84 1360 1692 1414; baseline -0.002 -10"><span class='ocrx_word' id='word_1_96' title='bbox 84 1363 322 1411; x_wconf 85' lang='lat' dir='ltr'>rationem,</span> <span class='ocrx_word' id='word_1_97' title='bbox 350 1361 677 1403; x_wconf 88' lang='lat' dir='ltr'>transeundum</span> <span class='ocrx_word' id='word_1_98' title='bbox 704 1366 772 1401; x_wconf 89' lang='lat' dir='ltr'>est</span> <span class='ocrx_word' id='word_1_99' title='bbox 800 1361 857 1401; x_wconf 91' lang='lat' dir='ltr'>ad</span> <span class='ocrx_word' id='word_1_100' title='bbox 886 1365 1106 1414; x_wconf 90' lang='lat' dir='ltr'>tyrannos</span> <span class='ocrx_word' id='word_1_101' title='bbox 1133 1366 1389 1409; x_wconf 89' lang='lat' dir='ltr'>extraneos,</span> <span class='ocrx_word' id='word_1_102' title='bbox 1415 1374 1505 1401; x_wconf 92' lang='lat' dir='ltr'>non</span> <span class='ocrx_word' id='word_1_103' title='bbox 1529 1360 1692 1401; x_wconf 90' lang='lat' dir='ltr'>iterum</span> 
     </span>
     <span class='ocr_line' id='line_1_15' title="bbox 85 1440 1690 1494; baseline -0.001 -10"><span class='ocrx_word' id='word_1_104' title='bbox 85 1442 368 1484; x_wconf 87' lang='lat' dir='ltr'>redeundum</span> <span class='ocrx_word' id='word_1_105' title='bbox 411 1442 468 1482; x_wconf 91' lang='lat' dir='ltr'>ad</span> <span class='ocrx_word' id='word_1_106' title='bbox 513 1441 788 1482; x_wconf 89' lang='lat' dir='ltr'>domesticos</span> <span class='ocrx_word' id='word_1_107' title='bbox 831 1454 981 1494; x_wconf 90' lang='lat' dir='ltr'>reges;</span> <span class='ocrx_word' id='word_1_108' title='bbox 1017 1441 1140 1493; x_wconf 93' lang='lat' dir='ltr'>quod</span> <span class='ocrx_word' id='word_1_109' title='bbox 1175 1440 1237 1489; x_wconf 86' lang='lat' dir='ltr'>fit,</span> <span class='ocrx_word' id='word_1_110' title='bbox 1273 1441 1307 1480; x_wconf 91' lang='lat' dir='ltr'>si</span> <span class='ocrx_word' id='word_1_111' title='bbox 1341 1448 1422 1482; x_wconf 81' lang='lat' dir='ltr'>aut</span> <span class='ocrx_word' id='word_1_112' title='bbox 1458 1441 1690 1482; x_wconf 86' lang='lat' dir='ltr'>retinetur.</span> 
     </span>
     <span class='ocr_line' id='line_1_16' title="bbox 87 1520 1691 1576; baseline -0.001 -12"><span class='ocrx_word' id='word_1_113' title='bbox 87 1522 206 1564; x_wconf 87' lang='lat' dir='ltr'>Nam</span> <span class='ocrx_word' id='word_1_114' title='bbox 264 1522 446 1576; x_wconf 89' lang='lat' dir='ltr'>probari</span> <span class='ocrx_word' id='word_1_115' title='bbox 501 1521 854 1574; x_wconf 88' lang='lat' dir='ltr'>haudquaquam</span> <span class='ocrx_word' id='word_1_116' title='bbox 908 1526 1060 1574; x_wconf 88' lang='lat' dir='ltr'>potest</span> <span class='ocrx_word' id='word_1_117' title='bbox 1114 1520 1383 1574; x_wconf 91' lang='lat' dir='ltr'>Nipperdeii</span> <span class='ocrx_word' id='word_1_118' title='bbox 1426 1521 1691 1562; x_wconf 90' lang='lat' dir='ltr'>annotatio:</span> 
     </span>
     <span class='ocr_line' id='line_1_17' title="bbox 90 1600 1691 1657; baseline -0.002 -12"><span class='ocrx_word' id='word_1_119' title='bbox 90 1603 259 1657; x_wconf 89' lang='lat' dir='ltr'>„durch</span> <span class='ocrx_word' id='word_1_120' title='bbox 286 1603 366 1644; x_wconf 90' lang='lat' dir='ltr'>das</span> <span class='ocrx_word' id='word_1_121' title='bbox 394 1602 647 1657; x_wconf 87' lang='lat' dir='ltr'>trennende</span> <span class='ocrx_word' id='word_1_122' title='bbox 673 1608 754 1642; x_wconf 86' lang='lat' dir='ltr'>aut</span> <span class='ocrx_word' id='word_1_123' title='bbox 780 1605 966 1654; x_wconf 74' lang='lat' dir='ltr'>erganzt</span> <span class='ocrx_word' id='word_1_124' title='bbox 993 1600 1088 1641; x_wconf 91' lang='lat' dir='ltr'>sich</span> <span class='ocrx_word' id='word_1_125' title='bbox 1108 1600 1179 1641; x_wconf 91' lang='lat' dir='ltr'>ein</span> <span class='ocrx_word' id='word_1_126' title='bbox 1198 1601 1323 1655; x_wconf 81' lang='lat' dir='ltr'>apud</span> <span class='ocrx_word' id='word_1_127' title='bbox 1336 1614 1412 1642; x_wconf 84' lang='lat' dir='ltr'>nos</span> <span class='ocrx_word' id='word_1_128' title='bbox 1428 1601 1493 1641; x_wconf 88' lang='lat' dir='ltr'>als</span> <span class='ocrx_word' id='word_1_129' title='bbox 1512 1601 1691 1655; x_wconf 89' lang='lat' dir='ltr'>Gegen-</span> 
     </span>
     <span class='ocr_line' id='line_1_18' title="bbox 86 1670 1687 1736; baseline -0.001 -11"><span class='ocrx_word' id='word_1_130' title='bbox 86 1689 181 1725; x_wconf 85' lang='lat' dir='ltr'>satz</span> <span class='ocrx_word' id='word_1_131' title='bbox 214 1698 267 1725; x_wconf 92' lang='lat' dir='ltr'>zu</span> <span class='ocrx_word' id='word_1_132' title='bbox 298 1684 474 1725; x_wconf 79' lang='lat' dir='ltr'>externi</span> <span class='ocrx_word' id='word_1_133' title='bbox 504 1696 593 1723; x_wconf 90' lang='lat' dir='ltr'>von</span> <span class='ocrx_word' id='word_1_134' title='bbox 627 1681 812 1723; x_wconf 89' lang='lat' dir='ltr'>selbst.&#39;’</span> <span class='ocrx_word' id='word_1_135' title='bbox 857 1670 986 1722; x_wconf 88' lang='lat' dir='ltr'>Talia</span> <span class='ocrx_word' id='word_1_136' title='bbox 1018 1681 1139 1722; x_wconf 91' lang='lat' dir='ltr'>enim</span> <span class='ocrx_word' id='word_1_137' title='bbox 1173 1681 1207 1721; x_wconf 90' lang='lat' dir='ltr'>si</span> <span class='ocrx_word' id='word_1_138' title='bbox 1240 1689 1388 1735; x_wconf 78' lang='lat' dir='ltr'>sponte</span> <span class='ocrx_word' id='word_1_139' title='bbox 1413 1682 1687 1736; x_wconf 78' lang='lat' dir='ltr'>supplentur,</span> 
     </span>
     <span class='ocr_line' id='line_1_19' title="bbox 87 1761 1693 1816; baseline -0.002 -10"><span class='ocrx_word' id='word_1_140' title='bbox 87 1763 208 1806; x_wconf 86' lang='lat' dir='ltr'>nulla</span> <span class='ocrx_word' id='word_1_141' title='bbox 235 1777 326 1805; x_wconf 90' lang='lat' dir='ltr'>non</span> <span class='ocrx_word' id='word_1_142' title='bbox 353 1763 547 1805; x_wconf 91' lang='lat' dir='ltr'>cuiusvis</span> <span class='ocrx_word' id='word_1_143' title='bbox 564 1762 817 1803; x_wconf 91' lang='lat' dir='ltr'>sententiae</span> <span class='ocrx_word' id='word_1_144' title='bbox 836 1775 938 1815; x_wconf 88' lang='lat' dir='ltr'>pars</span> <span class='ocrx_word' id='word_1_145' title='bbox 956 1762 1142 1816; x_wconf 91' lang='lat' dir='ltr'>impune</span> <span class='ocrx_word' id='word_1_146' title='bbox 1161 1761 1311 1802; x_wconf 90' lang='lat' dir='ltr'>omitti</span> <span class='ocrx_word' id='word_1_147' title='bbox 1331 1767 1497 1815; x_wconf 89' lang='lat' dir='ltr'>potest.</span> <span class='ocrx_word' id='word_1_148' title='bbox 1517 1761 1693 1815; x_wconf 80' lang='lat' dir='ltr'>Quodsi</span> 
     </span>
     <span class='ocr_line' id='line_1_20' title="bbox 87 1842 1691 1900; baseline -0.003 -13"><span class='ocrx_word' id='word_1_149' title='bbox 87 1845 188 1900; x_wconf 92' lang='lat' dir='ltr'>quis</span> <span class='ocrx_word' id='word_1_150' title='bbox 214 1859 305 1886; x_wconf 90' lang='lat' dir='ltr'>non</span> <span class='ocrx_word' id='word_1_151' title='bbox 332 1843 485 1894; x_wconf 90' lang='lat' dir='ltr'>talem,</span> <span class='ocrx_word' id='word_1_152' title='bbox 515 1843 695 1897; x_wconf 91' lang='lat' dir='ltr'>qualem</span> <span class='ocrx_word' id='word_1_153' title='bbox 725 1848 770 1883; x_wconf 93' lang='lat' dir='ltr'>et</span> <span class='ocrx_word' id='word_1_154' title='bbox 799 1843 1042 1883; x_wconf 89' lang='lat' dir='ltr'>Furneaux</span> <span class='ocrx_word' id='word_1_155' title='bbox 1070 1847 1115 1882; x_wconf 92' lang='lat' dir='ltr'>et</span> <span class='ocrx_word' id='word_1_156' title='bbox 1140 1842 1447 1896; x_wconf 86' lang='lat' dir='ltr'>Nipperdeius</span> <span class='ocrx_word' id='word_1_157' title='bbox 1472 1847 1691 1890; x_wconf 90' lang='lat' dir='ltr'>statuunt,</span> 
     </span>
     <span class='ocr_line' id='line_1_21' title="bbox 87 1922 1692 1980; baseline -0.003 -13"><span class='ocrx_word' id='word_1_158' title='bbox 87 1925 426 1980; x_wconf 91' lang='lat' dir='ltr'>oppositionem</span> <span class='ocrx_word' id='word_1_159' title='bbox 453 1925 525 1966; x_wconf 91' lang='lat' dir='ltr'>hic</span> <span class='ocrx_word' id='word_1_160' title='bbox 553 1924 674 1965; x_wconf 92' lang='lat' dir='ltr'>cerni</span> <span class='ocrx_word' id='word_1_161' title='bbox 703 1923 955 1971; x_wconf 89' lang='lat' dir='ltr'>contendit,</span> <span class='ocrx_word' id='word_1_162' title='bbox 984 1923 1020 1963; x_wconf 89' lang='lat' dir='ltr'>is</span> <span class='ocrx_word' id='word_1_163' title='bbox 1049 1923 1225 1970; x_wconf 87' lang='lat' dir='ltr'>doceat,</span> <span class='ocrx_word' id='word_1_164' title='bbox 1257 1922 1332 1975; x_wconf 90' lang='lat' dir='ltr'>qui</span> <span class='ocrx_word' id='word_1_165' title='bbox 1357 1935 1465 1975; x_wconf 88' lang='lat' dir='ltr'>ergo</span> <span class='ocrx_word' id='word_1_166' title='bbox 1485 1922 1692 1963; x_wconf 90' lang='lat' dir='ltr'>homines</span> 
     </span>
     <span class='ocr_line' id='line_1_22' title="bbox 87 2002 1334 2060; baseline -0.005 -13"><span class='ocrx_word' id='word_1_167' title='bbox 87 2005 238 2047; x_wconf 87' lang='lat' dir='ltr'>verbis</span> <span class='ocrx_word' id='word_1_168' title='bbox 268 2006 346 2060; x_wconf 84' lang='lat' dir='ltr'>qui</span> <span class='ocrx_word' id='word_1_169' title='bbox 375 2005 524 2046; x_wconf 84' lang='lat' dir='ltr'>eadem</span> <span class='ocrx_word' id='word_1_170' title='bbox 555 2004 743 2045; x_wconf 71' lang='lat' dir='ltr'>saevitia</span> <span class='ocrx_word' id='word_1_171' title='bbox 777 2003 847 2044; x_wconf 82' lang='lat' dir='ltr'>usz&#39;</span> <span class='ocrx_word' id='word_1_172' title='bbox 876 2010 979 2044; x_wconf 80' lang='lat' dir='ltr'>sunt</span> <span class='ocrx_word' id='word_1_173' title='bbox 1010 2002 1334 2056; x_wconf 87' lang='lat' dir='ltr'>significentur.</span> 
     </span>
    </p>
   </div>
   <div class='ocr_carea' id='block_1_4' title="bbox 90 2160 1696 3022">
    <p class='ocr_par' dir='ltr' id='par_1_5' title="bbox 90 2160 1695 2300">
     <span class='ocr_line' id='line_1_23' title="bbox 149 2160 1695 2220; baseline -0.005 -12"><span class='ocrx_word' id='word_1_174' title='bbox 149 2166 207 2208; x_wconf 92' lang='lat' dir='ltr'>A.</span> <span class='ocrx_word' id='word_1_175' title='bbox 242 2166 324 2216; x_wconf 91' lang='lat' dir='ltr'>IV,</span> <span class='ocrx_word' id='word_1_176' title='bbox 362 2178 429 2220; x_wconf 87' lang='lat'>39.</span> <span class='ocrx_word' id='word_1_177' title='bbox 474 2164 686 2206; x_wconf 89' lang='lat' dir='ltr'>Livillam</span> <span class='ocrx_word' id='word_1_178' title='bbox 729 2163 814 2204; x_wconf 89' lang='lat' dir='ltr'>sibi</span> <span class='ocrx_word' id='word_1_179' title='bbox 854 2176 1044 2204; x_wconf 85' lang='lat' dir='ltr'>uxorem</span> <span class='ocrx_word' id='word_1_180' title='bbox 1078 2176 1103 2202; x_wconf 91' lang='lat' dir='ltr'>a</span> <span class='ocrx_word' id='word_1_181' title='bbox 1137 2161 1322 2202; x_wconf 92' lang='lat' dir='ltr'>Tiberio</span> <span class='ocrx_word' id='word_1_182' title='bbox 1357 2161 1472 2215; x_wconf 90' lang='lat' dir='ltr'>petit</span> <span class='ocrx_word' id='word_1_183' title='bbox 1506 2160 1695 2202; x_wconf 87' lang='lat' dir='ltr'>Seianus</span> 
     </span>
     <span class='ocr_line' id='line_1_24' title="bbox 90 2243 934 2300; baseline -0.006 -12"><span class='ocrx_word' id='word_1_184' title='bbox 90 2253 135 2288; x_wconf 92' lang='lat' dir='ltr'>et</span> <span class='ocrx_word' id='word_1_185' title='bbox 167 2247 265 2288; x_wconf 91' lang='lat' dir='ltr'>aliis</span> <span class='ocrx_word' id='word_1_186' title='bbox 297 2246 575 2300; x_wconf 82' lang='lat' dir='ltr'>argumentis</span> <span class='ocrx_word' id='word_1_187' title='bbox 609 2258 713 2285; x_wconf 87' lang='lat' dir='ltr'>usus</span> <span class='ocrx_word' id='word_1_188' title='bbox 746 2250 791 2284; x_wconf 93' lang='lat' dir='ltr'>et</span> <span class='ocrx_word' id='word_1_189' title='bbox 825 2243 934 2284; x_wconf 88' lang='lat' dir='ltr'>hoc:</span> 
     </span>
    </p>

    <p class='ocr_par' dir='ltr' id='par_1_6' title="bbox 90 2320 1696 2621">
     <span class='ocr_line' id='line_1_25' title="bbox 154 2320 1696 2381; baseline -0.005 -12"><span class='ocrx_word' id='word_1_190' title='bbox 154 2326 406 2381; x_wconf 80' lang='lat' dir='ltr'>„Quoniam</span> <span class='ocrx_word' id='word_1_191' title='bbox 433 2326 658 2367; x_wconf 90' lang='lat' dir='ltr'>audiverit</span> <span class='ocrx_word' id='word_1_192' title='bbox 687 2324 944 2378; x_wconf 89' lang='lat' dir='ltr'>Augustum</span> <span class='ocrx_word' id='word_1_193' title='bbox 971 2323 1015 2363; x_wconf 92' lang='lat' dir='ltr'>in</span> <span class='ocrx_word' id='word_1_194' title='bbox 1046 2321 1328 2363; x_wconf 90' lang='lat' dir='ltr'>conlocanda</span> <span class='ocrx_word' id='word_1_195' title='bbox 1357 2321 1447 2362; x_wconf 89' lang='lat' dir='ltr'>filia</span> <span class='ocrx_word' id='word_1_196' title='bbox 1471 2335 1560 2362; x_wconf 92' lang='lat' dir='ltr'>non</span> <span class='ocrx_word' id='word_1_197' title='bbox 1586 2320 1696 2362; x_wconf 92' lang='lat' dir='ltr'>nihil</span> 
     </span>
     <span class='ocr_line' id='line_1_26' title="bbox 90 2402 1695 2461; baseline -0.005 -12"><span class='ocrx_word' id='word_1_198' title='bbox 90 2407 227 2459; x_wconf 89' lang='lat' dir='ltr'>etiam</span> <span class='ocrx_word' id='word_1_199' title='bbox 276 2407 333 2449; x_wconf 92' lang='lat' dir='ltr'>de</span> <span class='ocrx_word' id='word_1_200' title='bbox 381 2407 610 2461; x_wconf 89' lang='lat' dir='ltr'>equitibus</span> <span class='ocrx_word' id='word_1_201' title='bbox 659 2404 878 2446; x_wconf 90' lang='lat' dir='ltr'>Romanis</span> <span class='ocrx_word' id='word_1_202' title='bbox 922 2402 1261 2451; x_wconf 87' lang='lat' dir='ltr'>consultavisse,</span> <span class='ocrx_word' id='word_1_203' title='bbox 1307 2402 1381 2450; x_wconf 90' lang='lat' dir='ltr'>ita,</span> <span class='ocrx_word' id='word_1_204' title='bbox 1428 2402 1463 2442; x_wconf 92' lang='lat' dir='ltr'>si</span> <span class='ocrx_word' id='word_1_205' title='bbox 1508 2402 1695 2442; x_wconf 90' lang='lat' dir='ltr'>maritus</span> 
     </span>
     <span class='ocr_line' id='line_1_27' title="bbox 91 2481 1695 2541; baseline -0.005 -12"><span class='ocrx_word' id='word_1_206' title='bbox 91 2488 248 2530; x_wconf 90' lang='lat' dir='ltr'>Liviae</span> <span class='ocrx_word' id='word_1_207' title='bbox 292 2491 597 2541; x_wconf 88' lang='lat' dir='ltr'>quaereretur,</span> <span class='ocrx_word' id='word_1_208' title='bbox 641 2484 831 2525; x_wconf 88' lang='lat' dir='ltr'>haberet</span> <span class='ocrx_word' id='word_1_209' title='bbox 876 2484 919 2523; x_wconf 93' lang='lat' dir='ltr'>in</span> <span class='ocrx_word' id='word_1_210' title='bbox 961 2482 1112 2523; x_wconf 91' lang='lat' dir='ltr'>animo</span> <span class='ocrx_word' id='word_1_211' title='bbox 1145 2482 1340 2522; x_wconf 90' lang='lat' dir='ltr'>amicum</span> <span class='ocrx_word' id='word_1_212' title='bbox 1374 2481 1470 2522; x_wconf 86' lang='lat' dir='ltr'>sola</span> <span class='ocrx_word' id='word_1_213' title='bbox 1504 2482 1695 2522; x_wconf 86' lang='lat' dir='ltr'>necessi-</span> 
     </span>
     <span class='ocr_line' id='line_1_28' title="bbox 90 2564 715 2621; baseline -0.005 -12"><span class='ocrx_word' id='word_1_214' title='bbox 90 2568 260 2610; x_wconf 88' lang='lat' dir='ltr'>tudinis</span> <span class='ocrx_word' id='word_1_215' title='bbox 290 2567 433 2621; x_wconf 90' lang='lat' dir='ltr'>gloria</span> <span class='ocrx_word' id='word_1_216' title='bbox 465 2564 715 2607; x_wconf 63' lang='lat' dir='ltr'>usurum.&#39;’‘</span> 
     </span>
    </p>

    <p class='ocr_par' dir='ltr' id='par_1_7' title="bbox 90 2643 1692 3022">
     <span class='ocr_line' id='line_1_29' title="bbox 151 2643 1692 2702; baseline -0.005 -13"><span class='ocrx_word' id='word_1_217' title='bbox 151 2648 262 2702; x_wconf 85' lang='lat' dir='ltr'>Quis</span> <span class='ocrx_word' id='word_1_218' title='bbox 295 2660 495 2701; x_wconf 91' lang='lat' dir='ltr'>unquam</span> <span class='ocrx_word' id='word_1_219' title='bbox 529 2646 643 2687; x_wconf 93' lang='lat' dir='ltr'>vidit</span> <span class='ocrx_word' id='word_1_220' title='bbox 676 2646 793 2686; x_wconf 89' lang='lat' dir='ltr'>inter</span> <span class='ocrx_word' id='word_1_221' title='bbox 826 2658 872 2684; x_wconf 88' lang='lat' dir='ltr'>se</span> <span class='ocrx_word' id='word_1_222' title='bbox 906 2643 1182 2696; x_wconf 88' lang='lat' dir='ltr'>respondere</span> <span class='ocrx_word' id='word_1_223' title='bbox 1215 2643 1559 2683; x_wconf 91' lang='lat' dir='ltr'>coniunctiones</span> <span class='ocrx_word' id='word_1_224' title='bbox 1592 2655 1692 2695; x_wconf 86' lang='lat' dir='ltr'>quo-</span> 
     </span>
     <span class='ocr_line' id='line_1_30' title="bbox 90 2723 1692 2776; baseline -0.004 -6"><span class='ocrx_word' id='word_1_225' title='bbox 90 2729 210 2770; x_wconf 85' lang='lat' dir='ltr'>niam</span> <span class='ocrx_word' id='word_1_226' title='bbox 244 2734 290 2769; x_wconf 90' lang='lat' dir='ltr'>et</span> <span class='ocrx_word' id='word_1_227' title='bbox 321 2728 417 2769; x_wconf 70' lang='lat' dir='ltr'>ita?</span> <span class='ocrx_word' id='word_1_228' title='bbox 450 2727 566 2767; x_wconf 91' lang='lat' dir='ltr'>Tam</span> <span class='ocrx_word' id='word_1_229' title='bbox 599 2724 864 2767; x_wconf 86' lang='lat' dir='ltr'>incredibile</span> <span class='ocrx_word' id='word_1_230' title='bbox 899 2724 1007 2764; x_wconf 91' lang='lat' dir='ltr'>mihi</span> <span class='ocrx_word' id='word_1_231' title='bbox 1038 2723 1145 2763; x_wconf 91' lang='lat' dir='ltr'>illud</span> <span class='ocrx_word' id='word_1_232' title='bbox 1176 2723 1356 2763; x_wconf 88' lang='lat' dir='ltr'>videtur</span> <span class='ocrx_word' id='word_1_233' title='bbox 1383 2728 1432 2764; x_wconf 88' lang='lat' dir='ltr'>ut</span> <span class='ocrx_word' id='word_1_234' title='bbox 1461 2723 1569 2776; x_wconf 90' lang='lat' dir='ltr'>quin</span> <span class='ocrx_word' id='word_1_235' title='bbox 1597 2736 1692 2763; x_wconf 91' lang='lat' dir='ltr'>cor-</span> 
     </span>
     <span class='ocr_line' id='line_1_31' title="bbox 90 2803 1691 2864; baseline -0.004 -14"><span class='ocrx_word' id='word_1_236' title='bbox 90 2815 248 2864; x_wconf 90' lang='lat' dir='ltr'>ruptus</span> <span class='ocrx_word' id='word_1_237' title='bbox 289 2809 346 2850; x_wconf 91' lang='lat' dir='ltr'>sit</span> <span class='ocrx_word' id='word_1_238' title='bbox 387 2808 512 2849; x_wconf 84' lang='lat' dir='ltr'>locus</span> <span class='ocrx_word' id='word_1_239' title='bbox 550 2821 639 2848; x_wconf 90' lang='lat' dir='ltr'>non</span> <span class='ocrx_word' id='word_1_240' title='bbox 675 2807 895 2847; x_wconf 90' lang='lat' dir='ltr'>dubitem.</span> <span class='ocrx_word' id='word_1_241' title='bbox 930 2805 990 2845; x_wconf 84' lang='lat' dir='ltr'>Et</span> <span class='ocrx_word' id='word_1_242' title='bbox 1023 2803 1233 2844; x_wconf 88' lang='lat' dir='ltr'>facillime</span> <span class='ocrx_word' id='word_1_243' title='bbox 1267 2804 1495 2858; x_wconf 88' lang='lat' dir='ltr'>corrumpi</span> <span class='ocrx_word' id='word_1_244' title='bbox 1529 2804 1691 2857; x_wconf 91' lang='lat' dir='ltr'>potuit.</span> 
     </span>
     <span class='ocr_line' id='line_1_32' title="bbox 91 2885 1691 2944; baseline -0.003 -13"><span class='ocrx_word' id='word_1_245' title='bbox 91 2889 280 2944; x_wconf 88' lang='lat' dir='ltr'>Scripsit</span> <span class='ocrx_word' id='word_1_246' title='bbox 308 2889 428 2930; x_wconf 91' lang='lat' dir='ltr'>enim</span> <span class='ocrx_word' id='word_1_247' title='bbox 461 2902 531 2929; x_wconf 94' lang='lat' dir='ltr'>me</span> <span class='ocrx_word' id='word_1_248' title='bbox 560 2888 707 2928; x_wconf 91' lang='lat' dir='ltr'>iudice</span> <span class='ocrx_word' id='word_1_249' title='bbox 735 2887 919 2927; x_wconf 88' lang='lat' dir='ltr'>Tacitus</span> <span class='ocrx_word' id='word_1_250' title='bbox 949 2898 1038 2925; x_wconf 93' lang='lat' dir='ltr'>non</span> <span class='ocrx_word' id='word_1_251' title='bbox 1065 2885 1271 2938; x_wconf 77' lang='lat' dir='ltr'>quoniam</span> <span class='ocrx_word' id='word_1_252' title='bbox 1296 2898 1450 2926; x_wconf 89' lang='lat' dir='ltr'>verum</span> <span class='ocrx_word' id='word_1_253' title='bbox 1469 2886 1691 2938; x_wconf 80' lang='lat' dir='ltr'>quomodo,</span> 
     </span>
     <span class='ocr_line' id='line_1_33' title="bbox 91 2965 1691 3022; baseline -0.004 -11"><span class='ocrx_word' id='word_1_254' title='bbox 91 2975 136 3012; x_wconf 91' lang='lat' dir='ltr'>et</span> <span class='ocrx_word' id='word_1_255' title='bbox 179 2970 325 3011; x_wconf 91' lang='lat' dir='ltr'>nullus</span> <span class='ocrx_word' id='word_1_256' title='bbox 369 2974 437 3009; x_wconf 90' lang='lat' dir='ltr'>est</span> <span class='ocrx_word' id='word_1_257' title='bbox 478 2982 601 3009; x_wconf 89' lang='lat' dir='ltr'>error</span> <span class='ocrx_word' id='word_1_258' title='bbox 634 2967 876 3022; x_wconf 89' lang='lat' dir='ltr'>proclivior</span> <span class='ocrx_word' id='word_1_259' title='bbox 918 2978 1054 3019; x_wconf 89' lang='lat' dir='ltr'>quam</span> <span class='ocrx_word' id='word_1_260' title='bbox 1097 2978 1188 3019; x_wconf 91' lang='lat' dir='ltr'>quo</span> <span class='ocrx_word' id='word_1_261' title='bbox 1232 2965 1275 3005; x_wconf 89' lang='lat' dir='ltr'>in</span> <span class='ocrx_word' id='word_1_262' title='bbox 1319 2966 1399 3020; x_wconf 64' lang='lat' dir='ltr'>‹Tffi</span> <span class='ocrx_word' id='word_1_263' title='bbox 1442 2965 1691 3020; x_wconf 86' lang='lat' dir='ltr'>(quoniam)</span> 
     </span>
    </p>
   </div>
  </div>
 </body>
</html>
