2040 3412
0 703 10 742 J.
75 708 346 744 currentem.

839 275 918 320 ¹77

32 414 37 418 .
78 383 211 424 nimis
244 383 374 424 exilis
406 383 457 424 fit
491 385 711 434 narratio;
748 386 877 426 deest
910 386 1119 427 enim...
1149 386 1286 440 quid?
1319 387 1499 442 Nempe
1528 402 1676 437 causa,

78 475 156 504 cur
187 468 283 504 tam
317 477 476 517 parum
509 463 653 505 solide
685 465 997 506 aedificaverit
1030 466 1211 508 Atilius.
1261 467 1342 508 Illa
1373 473 1526 509 autem
1560 482 1677 522 quae

77 556 175 584 esse
199 523 367 598 'potuit
410 548 678 597 praeter...
710 544 1074 599 festinationem?
1125 547 1246 600 Ergo
1281 553 1384 600 post
1416 562 1499 601 qno
1532 548 1677 589 insere

75 623 204 665 citius
244 623 330 678 (vel
364 623 576 677 celerius),
612 624 775 665 iustam
810 625 1000 666 habebis
1034 627 1338 667 narrationem
1372 633 1418 667 et
1451 628 1568 669 bene
1601 630 1677 669 de-

137 782 398 838 Sequuntur
432 784 544 825 haec
559 801 568 825 :
1578 767 1585 785 x

139 862 415 916 „Adfluxere
447 844 570 906 avidi
599 865 771 916 talium,
799 866 1092 920 imperitante
1120 867 1305 908 Tiberio
1334 868 1491 922 procul
1519 869 1677 924 volup-

0 943 4 951 '
76 944 248 986 tatibus
296 944 464 996 habiti,
514 945 640 987 virile
690 960 741 988 ac
791 947 1011 989 muliebre
1059 961 1210 998 secus,
1258 949 1406 991 omnis
1448 955 1573 991 aetas
1617 950 1677 991 ob

0 1028 3 1048 2
75 1025 467 1080 propinquitatem
500 1026 587 1067 loci
622 1027 849 1068 effusius.”

135 1105 188 1147 In
236 1106 394 1147 codice
443 1120 534 1148 non
575 1113 644 1148 est
686 1108 885 1162 effusius,
930 1109 1009 1149 sed
1053 1109 1234 1163 effusus.
1277 1109 1342 1150 At
1384 1110 1526 1164 Lipsii
1567 1110 1676 1152 illud

0 1179 2 1236 J
73 1186 283 1240 effusius,
332 1187 456 1240 quod
506 1201 624 1228 nunc
674 1187 942 1242 plerumque
992 1189 1220 1243 recipitur,
1270 1190 1378 1243 quid
1423 1190 1677 1244 significare

74 1264 243 1308 debet?
291 1266 392 1307 An:
434 1266 679 1317 ardentius,
721 1269 891 1310 maiore
929 1270 1074 1311 studio
1114 1268 1287 1310 simm?
1331 1270 1435 1311 Non
1471 1284 1588 1325 nego
1623 1284 1677 1312 eo

73 1359 206 1387 sensu
258 1346 465 1388 adhiberi
510 1347 618 1389 illud
654 1362 800 1402 posse.
861 1348 950 1390 Sed
984 1363 1075 1403 quo
1109 1334 1345 1391 referenda
1377 1351 1435 1392 sit
1468 1351 1542 1392 illa
1575 1365 1677 1405 pro-

73 1426 257 1468 ximitas
288 1427 376 1468 loci
410 1427 574 1469 frustra
607 1442 791 1482 quaero.
827 1429 898 1469 De
931 1429 1194 1483 municipiO,
1229 1430 1353 1483 quod
1387 1431 1491 1472 urbi
1514 1432 1681 1473 Romae

0 1508 1 1511 ’
73 1508 132 1549 sit
179 1509 510 1563 propinquum,
553 1523 811 1550 sermonem
852 1523 949 1551 esse
990 1524 1016 1550 a
1057 1510 1315 1564 legentibus
1356 1512 1432 1552 vix
1473 1513 1679 1553 sentitur.

75 1586 367 1643 Quapropter
397 1603 487 1630 non
520 1590 564 1630 in
597 1590 785 1643 effusius
810 1604 966 1631 verum
992 1590 1036 1631 in
1063 1592 1199 1645 effusi
1221 1592 1436 1645 equidem
1461 1593 1679 1634 traditum

74 1668 195 1710 istud
229 1669 398 1724 effusus
420 1654 714 1711 mutaverim.
761 1670 925 1711 Verba
948 1670 999 1711 ob
1023 1671 1402 1725 propinquitatem
1435 1672 1519 1713 loci
1548 1673 1684 1726 effusi

74 1756 181 1797 ante
232 1749 394 1791 foculos
443 1751 575 1792 nobis
622 1756 800 1805 ponunt
848 1751 1031 1805 plebem
1081 1752 1338 1794 Romanam
1387 1753 1431 1793 in
1480 1753 1679 1794 vicinum

75 1835 282 1872 ruentem
317 1831 554 1885 oppidum.

137 1910 337 1952 Maxime
385 1912 627 1953 miserandi
676 1917 828 1962 erant,
877 1913 953 1966 qui
1003 1913 1137 1954 laceri
1186 1914 1266 1954 sed
1309 1919 1463 1955 tamen
1505 1915 1594 1956 vivi
1635 1916 1680 1956 in

75 1991 203 2032 ruina
235 1991 309 2032 illa
341 1991 571 2033 iacebant:

141 2072 243 2126 „qui
276 2086 357 2126 per
389 2073 510 2114 diem
545 2073 655 2122 visu,
691 2087 771 2127 per
805 2079 988 2114 noctem
1022 2073 1266 2115 ululatibus
1300 2080 1346 2115 et
1376 2076 1547 2128 gemitu
1575 2089 1681 2117 con—

77 2152 204 2206 iuges
235 2158 312 2194 aut
345 2153 512 2194 liberos
545 2153 841 2194 noscebant.”

137 2232 223 2273 Pro
248 2233 476 2275 noscebant
498 2233 742 2288 legendum
771 2247 867 2274 esse
883 2234 1119 2288 poscebant
1142 2235 1186 2274 in
1207 2234 1510 2289 Mnemosyne
1530 2236 1682 2291 (1894)

79 2313 188 2362 dixi,
232 2313 619 2369 vehementerque
663 2314 783 2356 illam
828 2315 1198 2355 emendationem
1238 2315 1451 2368 probavit
1486 2315 1682 2356 Vlietius

81 2407 220 2443 meuS‚
249 2382 392 2448 quem·
410 2400 556 2436 morte
583 2395 715 2435 nobis
743 2400 950 2449 ereptum
970 2394 1176 2448 lugemus
1194 2400 1421 2449 quotquot
1438 2396 1684 2437 candidum

81 2473 175 2514 eius
223 2479 382 2528 pectus
429 2475 681 2516 amavimus
723 2481 769 2515 et
812 2475 980 2529 ingenii
1024 2488 1214 2515 acumen
1259 2475 1470 2516 admirati
1514 2489 1681 2517 sumus.

81 2552 245 2594 Postea
287 2554 332 2595 in
377 2554 542 2595 Ritteri
585 2555 787 2596 editione
831 2555 924 2595 vidi
967 2554 1056 2595 iam
1090 2554 1238 2595 Nevio
1272 2555 1393 2595 idem
1428 2556 1604 2596 venisse
1638 2557 1683 2597 in

82 2638 298 2675 mentem.
329 2633 466 2676 Haud
496 2640 669 2676 temere
692 2649 800 2688 ergo
819 2634 927 2675 illud
938 2634 1173 2689 poscebant
1189 2635 1451 2676 etiamnunc
1470 2636 1681 2686 defendo,

81 2727 183 2755 cum
216 2715 482 2768 praesertim
516 2729 632 2769 quae
667 2721 825 2756 contra
857 2720 961 2755 sunt
993 2714 1130 2755 allata
1164 2714 1467 2756 infirmissima
1500 2716 1684 2757 videan-

81 2798 167 2835 tur.
216 2795 367 2836 Primo
410 2801 597 2849 aspectu
643 2796 836 2836 traditae
878 2794 1062 2835 lectioni
1106 2794 1323 2836 auxilium
1357 2795 1471 2836 ferre
1504 2797 1685 2838 videtur

82 2875 206 2928 quod
240 2875 362 2929 apud
399 2875 592 2916 Plinium
626 2876 712 2929 Ep.
748 2875 830 2924 VI,
867 2886 923 2916 20
955 2875 1130 2929 legitur,
1164 2875 1241 2916 ubi
1276 2876 1320 2917 in
1353 2877 1511 2918 similis
1545 2877 1686 2919 cladis

85 2956 342 2996 narratione
374 2955 486 2996 haec
520 2956 684 2997 habes:

1495 3047 1536 3071 12
