2040 3412
1105 313 1191 368 276

340 430 477 483 quam
526 430 758 471 adiuvant.
807 429 978 485 Segnes
1026 445 1134 473 vero
1183 430 1321 486 quid?
1362 432 1436 481 Vi,
1483 433 1627 482 minis,
1673 446 1823 488 poena
1842 457 1847 463 .
1868 426 1982 496 ‚5¹4

341 510 548 565 cogimus,
592 510 674 552 nisi
717 511 1105 568 admonitionibus
1144 513 1308 554 nostris
1351 526 1505 554 aurem
1546 513 1781 568 praebent.

344 603 427 644 pro
469 595 664 632 “ffrcere
705 590 777 632 hic
819 602 971 646 &gere
1011 591 1125 646 lege·
1161 592 1274 634 Boni
1307 593 1592 648 imperatoris
1624 598 1693 635 est
1724 579 1984 648 exempldg.

344 669 532 710 incitare
559 683 733 724 segnes,
762 676 851 720 aut,
880 671 916 711 si
943 672 988 712 in
1017 671 1230 726 exemplo
1258 673 1470 726 praesidii
1499 686 1659 727 parum
1676 678 1758 723 est,
1776 679 1991 730 εοέενερςζ1

345 750 469 803 quod
497 749 560 790 sic
587 749 794 791 absolute
822 751 1020 805 positum
1049 752 1229 805 egregie
1247 765 1350 793 cum
1368 751 1443 793 illo
1467 751 1705 807 „exemplo
1723 735 1992 804 incitare&

346 830 634 884 coniungitur
665 830 722 872 ad
757 836 902 872 totam
935 831 1205 886 Vespasiani
1237 832 1460 874 rationem
1494 833 1870 887 depingendam..
1902 859 1906 861 -

409 968 466 1010 H.
496 968 551 1018 II,
582 969 652 1024 87.
687 969 896 1011 Foedum
923 970 1042 1011 istud
1070 983 1247 1024 agmen,
1277 984 1368 1024 quo
1386 970 1598 1012 Vitellius
1624 955 1784 1013 urbem
1811 938 1978 1027 peti-ti

350 1054 396 1089 et
429 1048 526 1090 aliis
558 1054 606 1090 et
637 1048 706 1090 his
738 1049 1010 1091 describitur
1043 1050 1219 1091 verbis.
1956 1043 1998 1119 J

414 1126 688 1182 „Sexaginta
715 1128 838 1170 milia
863 1134 1139 1190 armatorum
1167 1129 1487 1184 sequebantur,
1511 1129 1694 1172 licentia
1710 1135 1966 1186 corruptag
1968 1117 1993 1174 ῑῘ

350 1207 560 1249 calonum
603 1221 815 1250 numerus
857 1209 1063 1264 amplior,
1107 1210 1436 1264 procacissimis
1476 1211 1613 1252 etiam
1647 1211 1765 1252 inter
1794 1209 2003 1275 servos-L}

350 1287 543 1329 lixarum
577 1288 814 1342 ingeniis?
1918 1335 1920 1337 ,

411 1367 534 1408 Vera
567 1367 697 1409 huius
729 1368 816 1410 loci
849 1369 1032 1423 cognita
1065 1369 1261 1411 lectione
1294 1394 1353 1400 -——
1384 1383 1490 1411 nam
1521 1370 1558 1411 si
1589 1369 1718 1421 ullus,
1752 1370 1824 1412 hic
1855 1358 1998 1416 cer—

352 1447 524 1488 tissima
566 1453 635 1489 est
677 1449 998 1490 emendatione
1041 1450 1275 1491 restitutus
1311 1474 1370 1480 --
1402 1450 1561 1492 doctas
1603 1449 1772 1492 ridebis
1810 1438 2002 1506 anno-f}

353 1528 562 1578 tationes,
597 1528 742 1583 qualis
773 1534 843 1570 est
874 1529 986 1570 haec
1019 1530 1140 1584 apud
1175 1513 1418 1571 Orellium:
1969 1516 1993 1592 β’

419 1608 583 1660 „Lixas
614 1608 780 1650 liberos
813 1609 1019 1650 homines
1051 1609 1199 1659 fuisse,
1233 1610 1315 1651 rite
1349 1610 1534 1664 colligas
1566 1614 1624 1652 ex
1655 1609 1779 1652 Ann.
1808 1609 1866 1660 11,
1892 1609 1951 1653 62
1975 1593 2001 1670 Ξ

354 1687 535 1742 (citatur
576 1688 731 1743 locus).
776 1689 842 1730 At
881 1689 1000 1730 lixae
1031 1703 1228 1744 quoque,
1261 1695 1310 1730 ut
1341 1689 1415 1731 hic
1447 1691 1588 1740 vides,
1622 1689 1859 1745 mancipiis
1889 1680 2009 1748 ob

355 1767 490 1808 vilem
519 1774 757 1822 quaestum
785 1783 837 1810 ac
865 1782 1014 1810 mores
1041 1782 1255 1823 procaces
1277 1769 1732 1824 aequiparabantur.”
1762 1770 1949 1822 Verum,

354 1861 382 1888 o
412 1847 544 1898 bone,
574 1849 610 1889 si
637 1862 771 1890 sanus
798 1848 871 1890 hic
898 1848 1036 1898 locus,
1066 1862 1156 1890 non
1183 1850 1538 1904 aequiparantur
1565 1849 1802 1904 mancipiis
1816 1849 1950 1901 lixae,
1980 1827 2010 1885 ’ῗῖ

354 1928 434 1968 sed
477 1921 611 1982 plane
654 1928 706 1969 iis
748 1929 1116 1979 adnumerantur,
1161 1935 1393 1984 tamquam
1436 1929 1472 1970 si
1516 1930 1573 1970 de
1612 1928 1761 1971 servili
1793 1941 1950 1971 eorum
1986 1924 2006 1970 'f

356 2012 476 2048 statu
523 2007 646 2049 nulla
693 2022 893 2062 unquam
940 2009 1058 2050 inter
1105 2009 1311 2050 homines
1351 2009 1484 2050 fuerit
1526 2009 1767 2051 dubitatio.
1810 2008 1872 2062 Et
1912 2008 1948 2051 si

356 2087 633 2141 procacitate
677 2101 851 2129 morum
895 2101 1074 2143 semper
1115 2088 1339 2129 vilissimis
1380 2094 1484 2129 sunt
1526 2102 1658 2143 pares
1699 2087 1949 2145 mancipiis,
1986 2098 2009 2150 ,Γἓ

356 2167 478 2208 nulla
510 2173 578 2208 est
609 2168 653 2208 in
687 2167 875 2209 Vitellio
907 2168 1052 2223 culpa,
1086 2169 1122 2209 si
1156 2182 1246 2210 non
1281 2168 1630 2209 modestioribus
1659 2168 1713 2210 iis
1746 2181 1852 2210 usus
1881 2172 1951 2210 est

358 2247 584 2288 ministris.
630 2247 772 2289 Vides
819 2261 843 2289 e
890 2249 1059 2289 tradita
1100 2248 1296 2289 lectione
1338 2248 1523 2298 nullum,
1566 2248 1736 2290 nedum
1775 2235 2013 2305 aptum,

353 2339 534 2367 sensum
566 2326 657 2368 ullo
692 2327 829 2368 modo
863 2310 1039 2368 extrahi
1073 2341 1218 2382 posse,
1253 2328 1333 2369 sed
1366 2327 1594 2369 lenissima
1626 2327 1948 2370 emendatione

352 2411 590 2447 revocatur
630 2406 676 2447 id
719 2407 842 2460 quod
877 2408 1007 2448 unice
1040 2407 1085 2448 in
1118 2407 1237 2448 hunc
1269 2407 1419 2448 locum
1453 2407 1709 2457 conveniat,
1742 2407 1796 2463 id?
1821 2406 1946 2462 quod
1967 2403 2003 2461 fif

350 2485 497 2539 ipsum
541 2485 838 2527 Vitellianum
881 2500 1044 2540 agmen
1085 2486 1343 2540 legentibus
1385 2492 1526 2541 ponat
1557 2492 1664 2528 ante
1696 2473 1867 2538 oculos,
1899 2486 1947 2529 id

352 2565 548 2618 denique
582 2566 705 2619 quod
738 2566 847 2620 quin
879 2580 906 2607 a
937 2566 1099 2608 Tacito
1131 2567 1350 2621 scriptum
1382 2567 1440 2608 sit
1473 2566 1664 2621 posthac
1695 2566 1786 2608 iam
1812 2580 1948 2609 nemo
1980 2566 2003 2622 ‚j

352 2645 410 2685 sit
452 2645 751 2687 dubitaturus.
795 2646 881 2687 Pro
922 2647 1054 2688 etiam
1096 2647 1213 2688 inter
1255 2660 1405 2688 servos
1437 2646 1681 2700 legendum
1713 2651 1783 2688 est
1812 2646 1947 2690 etiam

354 2725 470 2766 inter
500 2739 673 2766 severos
693 2724 736 2779 ¹).
780 2726 851 2766 En
883 2727 981 2780 ipsa
1014 2727 1145 2767 nobis
1178 2727 1357 2767 reddita
1390 2726 1537 2767 Taciti
1571 2729 1750 2767 manus!
1794 2726 1947 2773 Etiam

352 2804 397 2844 in
441 2817 598 2845 severo
642 2805 939 2859 modesteque
982 2805 1140 2847 habito
1182 2806 1383 2847 exercitu
1424 2819 1638 2860 procaces
1669 2806 1788 2855 lixae
1818 2811 1947 2862 sunt;

405 2933 438 2976 1)
472 2935 805 2968 Praestantissimam
839 2924 1120 2970 emendationem
1153 2942 1331 2979 acceptam
1364 2936 1472 2969 resero
1507 2937 1701 2980 Leopoldio
1734 2947 1813 2971 meo
1839 2947 1945 2982 quem

355 2992 457 3023 toties
484 2992 564 3034 iam,
591 2999 627 3024 ut
654 3004 715 3035 par
740 2999 823 3036 erat,
849 2995 999 3027 laudavi.
