2040 3412
0 415 2 417 ·
35 410 73 436 a

52 447 82 482 ³*
129 449 476 492 deliberandum
508 454 558 490 ut
589 461 744 490 earum
778 448 890 489 vitia
922 452 1176 489 monstrare
1211 446 1355 501 possit
1385 443 1699 487 venditoribus.

922 258 947 303 7

130 375 359 412 vetustate
400 373 635 424 suspectas
678 381 704 409 a
746 381 793 409 se
836 375 1018 423 emptas,
1064 380 1183 408 nunc
1227 366 1311 407 sibi
1350 377 1453 406 cum
1485 363 1740 405 architectis

187 529 404 572 Potestne
452 528 703 583 quidquam
752 527 933 569 stultius
981 525 1261 581 excogitari?
1305 524 1528 573 Suaviter,
1573 521 1738 571 hercle,

31 608 64 652 ζ
127 610 275 653 rideat
300 610 336 650 si
365 609 465 664 quis
493 609 539 650 in
567 608 755 663 praedio
784 608 1028 649 vendendo
1057 612 1313 665 emptorem
1344 603 1614 652 emunxerit,
1635 615 1738 643 cum

129 689 204 732 ille
222 697 377 745 postea
405 689 490 730 sibi
520 689 805 730 demonstret
832 701 950 742 quae
979 688 1069 728 sint
1097 688 1192 728 eius
1219 686 1343 728 vitia.
1374 685 1440 726 At
1468 684 1592 738 quod
1618 683 1740 738 apud

132 770 344 813 Tacitum
373 769 498 812 Otho
524 768 718 818 simulat,
737 782 896 810 revera
914 768 1222 822 unusquisque
1241 765 1566 822 paterfamilias
1584 768 1743 805 cautus

134 850 424 907 prudensque
453 850 601 891 facere
628 849 767 891 solet:
795 850 954 903 quanti
982 862 1133 890 emere
1165 847 1275 888 velit
1293 860 1383 888 non
1402 846 1525 900 prius
1542 843 1743 885 declarat

31 919 84 964 Ὦ
136 944 274 986 quarn
317 944 344 972 a
386 930 542 985 peritis
584 929 845 971 hominibus
889 929 1157 983 cognoverit
1197 941 1314 982 quae
1358 926 1443 968 sibi
1476 925 1534 966 sit
1566 924 1612 966 in
1645 923 1743 965 refi-

135 1011 300 1053 ciendo
333 1012 540 1065 impensa
571 1009 792 1051 facienda.

197 1090 258 1132 Et
300 1090 420 1132 unde
464 1095 596 1131 natus
641 1095 709 1131 est
753 1089 963 1130 immanis
999 1089 1073 1130 ille
1105 1087 1333 1130 Plutarchi
1367 1084 1517 1128 error?
1552 1085 1644 1126 Res
1677 1089 1746 1125 est

57 1171 59 1174 ⁴
89 1202 92 1203 ν
134 1170 413 1213 incredibilis
456 1176 502 1211 et
544 1175 699 1211 tamen
743 1183 873 1221 vera:
909 1183 1000 1210 non
1034 1169 1179 1210 solum
1213 1168 1322 1223 quid
1357 1168 1597 1208 interesset
1630 1165 1747 1205 inter

133 1251 452 1307 redemptorem
483 1257 529 1292 et
555 1258 794 1306 emptorem
825 1250 1072 1300 nesciebat,
1103 1250 1183 1291 sed
1212 1249 1350 1290 etiam
1378 1247 1549 1289 emendi
1562 1245 1746 1288 venden-

133 1332 265 1388 dique
296 1332 436 1374 verba
470 1332 636 1374 Latina
670 1332 787 1373 inter
818 1346 866 1373 se
900 1331 1121 1373 confudit.

197 1413 365 1455 Nescio
413 1418 567 1454 tamen
615 1426 672 1453 an
715 1411 803 1453 hoc
847 1411 1073 1466 exemplo,
1119 1410 1328 1465 quamvis
1371 1409 1560 1450 evidens
1602 1407 1660 1447 sit
1703 1410 1749 1446 et

139 1493 444 1542 manifestum,
489 1492 696 1542 alterum,
741 1493 865 1546 quod
909 1492 999 1533 iam
1039 1505 1138 1533 sum
1176 1490 1446 1545 prolaturus,
1482 1488 1527 1528 in
1562 1486 1749 1528 clariore

140 1574 279 1616 etiam
322 1579 468 1615 totam
506 1587 602 1614 rem
636 1578 779 1628 ponat
810 1572 924 1614 luce.
959 1573 1011 1614 In
1045 1586 1100 1613 eo
1133 1577 1286 1613 autem
1321 1571 1548 1618 idoneam,
1583 1573 1632 1608 ut
1664 1579 1750 1621 ego

143 1668 323 1705 censeo,
356 1654 416 1696 ob
449 1667 631 1696 causam
666 1653 802 1708 paulo
836 1654 1004 1695 diutius
1042 1651 1298 1694 subsistam.

203 1735 463 1791 Quondam,
501 1735 610 1777 dum
644 1734 769 1777 Otho
802 1748 906 1776 cum
938 1734 1107 1783 amicis,
1142 1733 1276 1775 lautis
1309 1730 1608 1779 senatoribus,
1642 1741 1749 1783 epu-

142 1815 335 1866 labatur,
367 1815 517 1869 gravis
549 1820 675 1856 ortus
708 1819 777 1856 est
795 1815 1196 1870 praetorianorum
1225 1811 1458 1860 tumultus,
1488 1810 1614 1851 cuius
1637 1809 1750 1850 haec

144 1909 280 1938 causa
306 1901 423 1937 erat:
452 1895 689 1937 cohortem
711 1895 942 1950 quandam
961 1894 1085 1936 Otho
1104 1893 1234 1936 Ostia
1252 1892 1547 1934 arcessiverat
1565 1890 1750 1942 eiusque

144 1976 391 2018 armandae
438 1989 593 2017 curam
641 1975 850 2030 Crispino
894 1975 1070 2017 tribuno
1103 1974 1502 2029 praetorianorum
1549 1970 1750 2011 mandat.

145 2057 189 2099 Is
222 2057 370 2098 omnis
402 2057 617 2098 vitandae
666 2069 820 2097 morae
853 2069 1001 2106 causa,
1037 2060 1172 2096 nocte
1206 2054 1441 2108 negotium
1468 2051 1750 2106 exsequitur:

146 2138 242 2180 otio
274 2138 396 2179 enim
430 2143 476 2179 et
508 2137 657 2192 spatio
690 2150 805 2191 opus
833 2137 874 2177 ei
902 2141 985 2177 est.
1014 2135 1081 2177 At
1108 2136 1187 2177 vix
1213 2140 1373 2190 aperto
1401 2131 1752 2175 armamentario

147 2218 424 2272 conspicitur
466 2218 525 2259 ab
567 2231 657 2259 uno
700 2217 936 2271 alteroque
981 2216 1136 2266 milite,
1181 2216 1258 2270 qui
1297 2215 1408 2256 ebrii
1443 2214 1487 2255 in
1521 2212 1754 2267 principiis

149 2298 427 2340 discurrunt:
478 2298 523 2339 hi
572 2303 748 2339 ceteros
796 2301 1067 2346 convocant,
1117 2308 1310 2350 quorum
1353 2293 1427 2335 alii
1471 2293 1606 2334 armis
1648 2292 1754 2333 visis

149 2378 302 2420 caedis
337 2391 608 2433 pugnaeque
641 2377 755 2418 fiunt
787 2376 924 2425 avidi,
958 2375 1032 2417 alii
1065 2375 1375 2430 proditionem
1408 2374 1670 2422 odorantur,
1704 2371 1755 2412 fit

147 2472 301 2500 rumor
347 2459 564 2500 adversus
607 2457 839 2500 Othonem
882 2454 1045 2497 armari
1088 2461 1350 2496 senatorum
1394 2452 1605 2495 familias:
1650 2452 1754 2506 equi

149 2539 529 2588 conscenduntur,
573 2538 632 2579 ad
670 2537 892 2578 Palatium
926 2535 1179 2577 advolatur.
1215 2534 1472 2584 Senatores,
1506 2533 1583 2588 qui
1616 2533 1755 2574 etiam

148 2619 271 2673 apud
305 2617 538 2660 Othonem
572 2616 879 2664 discumbunt,
914 2616 992 2656 vix
1023 2615 1260 2656 saevitiam
1295 2615 1489 2656 militum
1523 2614 1756 2668 effugiunt.

151 2700 374 2741 Postridie
407 2698 532 2741 Otho
565 2699 610 2739 in
638 2705 789 2740 castra
818 2696 943 2737 venit
962 2697 1202 2751 praetoria
1230 2701 1278 2737 et
1296 2695 1614 2751 praetorianos
1641 2692 1758 2734 male

151 2779 209 2820 de
255 2780 355 2834 ipso
404 2778 621 2820 sollicitos
669 2778 874 2819 oratione
923 2776 1102 2830 mitigat
1149 2776 1236 2831 (res
1278 2776 1443 2830 legitur
1485 2775 1606 2830 apud
1650 2774 1759 2815 Tac.

153 2858 272 2900 Hist.
306 2859 341 2908 Ι,
376 2859 433 2900 80
463 2858 595 2912 sqq.).

215 2937 327 2992 Quis
374 2938 497 2979 hisce
545 2938 711 2979 auditis
760 2949 850 2978 non
898 2935 1112 2990 intelligit
1160 2935 1304 2978 nullas
1345 2936 1390 2977 in
1433 2935 1520 2977 hoc
1563 2934 1762 2976 tumultu
