2040 3412
859 289 941 334 295

16 399 40 417 ²
98 396 244 441 νόντων
288 397 422 448 ἔστι”’,
466 399 542 440 ubi
585 413 666 440 suo
707 400 800 442 iure
833 399 1033 442 Sintenis
1065 398 1216 452 Νέρωνι
1251 400 1495 442 delendum
1528 403 1698 451 statuit,

90 479 220 535 quod
276 491 367 520 non
423 478 541 520 bene
589 484 808 520 structam
856 480 1131 521 sententiam
1179 481 1259 521 sed
1309 481 1699 534 perturbationem

19 544 46 553 '⁴
95 559 327 614 quandam
374 557 697 600 vocabulorum
732 560 869 600 efficit
902 565 948 600 et
981 560 1269 600 durissimum
1303 560 1477 601 hiatum
1512 561 1699 602 inducit.

154 639 302 682 Galba
334 639 401 680 IX
452 638 764 693 Nymphidius
805 640 981 681 Romae
1025 653 1106 694 per
1147 640 1318 681 amicos
1352 640 1481 688 ¹viam
1524 640 1608 682 sibi
1641 642 1698 682 ad

93 720 334 776 imperium
369 725 499 774 parat
532 725 578 760 et
610 733 751 761 unum
785 733 942 761 eorum
978 719 1034 766 εἰς
1068 718 1252 772 Ἰβηρίαν
1287 718 1479 772 ἔπεμψεν
1512 719 1582 762 καὶ
1617 736 1699 762 πα-

93 799 216 854 ρείκει
250 798 643 852 κατασκεψόμενον.

157 883 210 925 In
257 883 344 924 ista
391 881 615 936 farragine
663 881 905 923 verborum
950 882 1058 936 quid
1102 881 1264 923 lateret
1309 883 1384 923 diu
1428 882 1589 924 frustra
1632 889 1700 924 est

97 963 368 1018 quaesitum,
395 963 542 1004 donec
569 962 756 1003 tandem
785 962 1031 1016 aliquando
1060 961 1290 1004 Sintenisii
1319 963 1550 1016 ingenium
1569 963 1699 1004 simul

97 1043 145 1086 et
177 1043 412 1086 historiam
446 1042 592 1084 morbi
627 1042 905 1096 perspiceret
933 1042 978 1083 et
1007 1041 1178 1083 certam
1208 1043 1430 1083 inveniret
1459 1043 1698 1084 medelam.

97 1122 328 1179 Scriptum
363 1122 471 1164 olim
505 1122 673 1164 fuerat:
703 1122 758 1168 εἷς
787 1121 974 1173 Ἰβηρίαν
1004 1120 1198 1174 ἔπεμψεν
1226 1121 1295 1163 καὶ
1324 1122 1699 1175 κατασκεψόμενον

95 1209 142 1246 et
174 1203 321 1246 bonus
354 1203 516 1257 aliquis
544 1203 725 1244 criticus
754 1204 797 1244 in
827 1204 1029 1258 margine
1057 1210 1357 1264 annotaverat
1386 1203 1455 1245 καὶ
1485 1203 1698 1255 παρέλκει,

93 1284 174 1327 sed
219 1298 380 1340 parum
415 1284 583 1339 profuit
618 1284 882 1325 Plutarcho:
916 1290 1016 1325 tota
1047 1285 1168 1325 enim
1202 1286 1453 1335 annotatio,
1488 1292 1700 1340 corrupta

93 1370 141 1407 et
174 1365 286 1420 ipsa,
321 1365 365 1406 in
398 1370 578 1406 textum
611 1370 796 1419 recepta
829 1368 920 1406 est!
956 1364 1104 1419 Quam
1138 1364 1302 1406 vellem
1336 1379 1382 1406 se
1415 1365 1553 1407 talem
1585 1380 1700 1407 sem-

95 1459 177 1502 per
227 1443 499 1488 Sintenisius
547 1445 867 1499 praestitisset!
918 1445 1036 1486 Nam
1079 1459 1197 1486 nunc
1242 1445 1395 1495 Corai,
1440 1445 1699 1496 Schaefero,

98 1526 284 1582 Bryano
329 1526 426 1567 aliis
469 1526 663 1580 egregiis
705 1526 872 1567 criticis
915 1525 1211 1580 obloquendo
1239 1540 1375 1580 saepe
1411 1526 1700 1568 Plutarchum

98 1606 230 1649 nobis
263 1607 654 1661 corruptissimum
689 1606 897 1647 exhibuit
929 1612 1067 1662 atque
1096 1606 1283 1647 omnino
1311 1620 1393 1660 pro
1424 1607 1537 1647 virili
1572 1612 1700 1661 parte

99 1687 221 1729 viam
249 1687 442 1728 munivit
465 1687 522 1728 ad
542 1686 664 1727 illam
683 1686 956 1741 ineptiarum
975 1685 1365 1728 defendendarum
1384 1687 1699 1741 methodum(!)‚

49 1779 52 1781 ·
99 1781 219 1822 quae
251 1781 371 1809 nunc
404 1773 499 1808 tam
533 1767 777 1822 imperiose
809 1772 983 1821 regnat.

159 1848 284 1891 Otho
318 1848 433 1889 XVI
489 1847 613 1890 Otho
658 1847 806 1888 fratris
849 1848 990 1888 filium
1034 1853 1080 1888 et
1121 1848 1208 1889 alia
1243 1853 1398 1889 monet
1431 1853 1476 1888 et
1509 1847 1619 1889 hoc:
1653 1862 1700 1889 se

97 1929 203 1971 ideo
237 1929 441 1970 nondum
474 1942 575 1969 eum
611 1929 855 1982 adoptasse
887 1927 989 1968 ἀλλ’
1016 1926 1312 1977 ἀναβαλέσθαι
1341 1927 1609 1977 μνημονεύειν
1639 1924 1699 1969 ὅτι

97 2014 263 2062 Καῖσαρ
307 2009 452 2051 ἀθετεῖ
491 2009 565 2056 την
608 2007 835 2057 εἰσποίησιν
877 2015 925 2050 ut
958 2023 1111 2050 secum
1146 2010 1318 2050 victore
1352 2015 1574 2063 regnaret,
1609 2023 1700 2050 non

98 2091 221 2133 victo
253 2091 471 2132 interiret.
507 2089 679 2139 Nullus,
716 2095 764 2130 ut
798 2090 974 2143 opinor,
1002 2090 1234 2143 scriptoris
1262 2090 1427 2130 veteris
1454 2089 1578 2131 locus
1605 2096 1700 2131 tam

99 2171 287 2213 ridicule
316 2176 556 2225 corruptus
588 2176 670 2219 est,
705 2170 851 2211 nullus
884 2176 978 2211 tam
1011 2175 1135 2210 certa
1168 2170 1489 2211 emendatione
1523 2171 1701 2212 restitu-

98 2257 171 2294 tus
213 2252 258 2293 in
301 2252 542 2305 integrum.
585 2250 846 2305 Sequuntur
879 2251 999 2291 enim
1033 2249 1144 2290 haec
1179 2250 1435 2291 notissima:
1477 2251 1580 2303 „sed
1614 2251 1700 2292 hoc

99 2346 207 2387 prae
249 2333 412 2373 ceteris
454 2337 513 2381 te,
560 2331 620 2372 mi
666 2331 742 2381 fili,
786 2344 951 2371 moneo
995 2331 1104 2378 μήτε
1142 2328 1411 2370 ἐπιλαθέσθαι
1446 2329 1699 2371 παντάπασι

100 2412 211 2462 μήτε
245 2410 360 2463 ἄγαν
396 2398 681 2462 μνημονεύεινι
700 2408 761 2452 ἔτι
795 2409 988 2461 Καίσαρα
1022 2410 1123 2451 θεῖον
1152 2408 1326 2462 ἕσχες.”
1355 2411 1474 2451 Hinc
1502 2412 1546 2452 in
1574 2425 1701 2465 prae-

60 2508 62 2510 *
100 2494 312 2535 cedentia
354 2488 622 2535 aberrarunt
655 2491 878 2533 vocabula
910 2490 1179 2541 μνημονεύειν
1213 2487 1274 2531 ὅτι
1309 2490 1517 2542 Καίσαρα,
1549 2505 1701 2546 super-

100 2575 225 2616 venit
259 2574 325 2615 vir
357 2580 516 2616 acutus
549 2574 625 2628 qui
660 2574 779 2614 istud
811 2570 1080 2621 μνημονεύειν
1114 2569 1173 2612 ἔτι
1209 2576 1403 2623 Καίσαρα
1436 2571 1576 2612 semel
1604 2577 1701 2612 tan-

99 2660 198 2696 tum
239 2654 343 2696 ferri
386 2668 520 2709 posse
562 2654 840 2708 perspiciens
883 2658 1146 2693 annotaret:
1198 2652 1371 2704 „exime
1415 2651 1584 2706 (σέθὲτει)
1618 2652 1701 2692 ista

98 2750 146 2786 μ.
176 2734 208 2776 ὅ.
237 2735 329 2784 Κ.”,
364 2736 444 2776 sed
475 2740 651 2776 mutato
681 2734 806 2774 verbi
835 2731 971 2774 αθέτει
1000 2738 1190 2773 accentu
1218 2738 1317 2773 tota
1345 2733 1439 2773 eius
1464 2733 1702 2774 annotatio

99 2816 249 2858 verbis
281 2815 486 2857 insiticiis
519 2814 637 2855 ultro
672 2820 739 2855 est
772 2814 963 2855 adiecta.
999 2813 1236 2867 Perspexit
1263 2826 1359 2853 rem
1387 2819 1432 2853 et
1460 2813 1702 2854 Plutarcho

99 2896 291 2938 salutem
320 2895 473 2937 attulit
502 2894 783 2937 Schaeferus.
814 2892 938 2935 Scire
968 2893 1187 2947 pervelim
1218 2907 1308 2947 quo
1339 2894 1476 2934 modo
1496 2893 1702 2935 hodierni

99 2977 223 3019 docti
271 2974 668 3029 „conservatores”
713 2974 958 3015 lectionem
1002 2973 1218 3015 traditam
1268 2972 1530 3016 defendant,
1583 2973 1702 3016 Nam
