2040 3412
334 415 438 450 sunt
470 410 672 460 eiusdem
705 410 769 451 rei
802 410 987 451 nomina
1017 409 1121 452 duo.
1156 409 1274 451 Tum
1305 409 1394 461 hoc
1426 410 1555 453 addit
1587 411 1738 454 vietis

335 489 552 530 solacium
595 502 692 530 esse
735 489 880 531 solere
923 490 1111 531 caedem
1149 490 1521 544 sanguinemque,
1555 491 1680 545 quod
1711 494 1846 535 tuno
1840 508 1885 558 3

292 570 295 573 ’
333 568 506 610 telliani
539 582 722 623 quoque
755 569 863 610 victi
891 569 983 610 sint
1008 568 1222 623 amplexi.
1252 569 1374 623 Ergo
1402 570 1465 610 sic
1492 569 1719 630 legamus.
1750 590 1802 624 ,

336 647 570 689 Vitelliani
605 680 734 689 .....
769 649 1023 703 inquietare
1067 649 1318 698 victoriam,
1358 650 1522 690 morari
1556 645 1847 704 pacem;1³‘{³

335 741 525 782 arasque
557 741 716 769 cruore
750 727 949 777 foedare,
981 741 1192 782 suprema
1224 728 1355 770 victis
1386 727 1567 779 solacia,
1596 728 1721 784 ampl
1733 714 1848 791 a

336 807 439 848 tur”
464 813 513 848 ut
537 808 685 850 domos
700 809 962 863 -foedare
985 808 1328 862 quodammodo
1345 808 1402 849 sit
1418 808 1546 850 verbi
1562 801 1879 871 amplectassibjffl-'J'-v

335 888 567 929 obiectum
605 893 651 929 et
691 888 990 942 appositionis
1028 887 1132 929 loco
1164 888 1330 930 habeat
1360 895 1568 944 suprema
1597 882 1856 933 victiss

397 967 520 1009 Ann.
562 968 642 1018 ΙΙΙ,
687 980 758 1022 49.
804 967 1055 1010 Clutorium
1098 960 1312 1018 Priscum,
1356 981 1523 1025 vanum
1565 967 1693 1012 illum
1708 990 1714 1007 s
1746 988 1786 1006 m

337 1048 434 1090 sola
467 1048 653 1090 Vitellia
685 1048 948 1090 testimonio
980 1062 1060 1090 suo
1094 1048 1302 1090 iuvabat:

405 1129 509 1181 „sed
542 1128 836 1182 arguentibus
867 1128 925 1170 ad
959 1128 1207 1182 perniciem
1241 1127 1341 1182 plus
1373 1127 1480 1169 fidei
1514 1126 1640 1170 fuit”.

404 1207 508 1249 Non
549 1206 724 1261 virgula
765 1207 838 1248 hic
880 1220 996 1262 opus
1031 1212 1100 1248 est
1132 1207 1189 1249 ad
1222 1207 1455 1262 scriptoris
1485 1206 1684 1254 senten-ei

342 1288 554 1337 randam;
600 1287 878 1328 monendum
921 1288 1242 1329 tantummodo
1285 1293 1354 1329 est
1386 1301 1442 1329 ne
1472 1312 1532 1319 —
1561 1287 1609 1330 id
1641 1299 1704 1343 qu

341 1368 392 1410 fit
423 1393 481 1398 —
512 1368 578 1410 ad
596 1368 838 1423 perniciem
871 1381 974 1409 cum
1006 1367 1295 1423 arguentibus
1327 1368 1550 1422 iungatur,
1583 1375 1702 1428 quaes

341 1448 443 1490 bilis
475 1453 543 1489 est
575 1447 840 1489 verbositas.
873 1447 987 1490 Cum
1010 1447 1118 1503 plus
1139 1448 1253 1504 fidei
1271 1448 1375 1502 fuit
1405 1447 1685 1502 iungendum
1710 1448 1715 1474 Τ

340 1533 390 1569 ut
417 1527 503 1569 hoc
531 1527 676 1568 dicat:
709 1527 811 1581 „qui
838 1540 975 1581 grave
1002 1527 1218 1569 dicebant
1243 1527 1555 1570 testimonium
1581 1526 1685 1583 plus
1771 1583 1773 1585 ν

339 1608 398 1650 ad
433 1608 644 1649 miserum
678 1616 803 1649 reum
836 1607 1165 1663 perdendum”.
