2040 3412
1054 310 1108 355 54

284 421 403 463 facta
435 426 545 463 erat.
581 420 672 464 Sed
706 420 793 462 hoc
826 421 923 463 vult
955 421 1140 464 Tacitus
1171 428 1325 477 atque·
1341 423 1476 478 paulo
1508 424 1761 468 contortius
1777 420 1815 469 e*
1838 406 1874 461 ”3

281 502 456 556 quitur:
496 514 798 555 „quamquam
831 506 1006 543 moesta
1039 507 1135 543 erat
1167 502 1289 544 urbis
1317 501 1466 553 facies,
1493 503 1695 548 habebat
1751 534 1756 538 ι
1808 497 1899 539 '

279 580 428 622 solatii
471 580 666 634 aliquid:
706 581 751 622 in
785 586 986 622 mentem
1018 581 1139 622 enim
1171 582 1416 624 revocabat
1449 583 1637 638 antiqua
1667 586 1901 643 tempo&-

280 661 445 715 quibus
477 665 582 715 post
615 674 780 715 magna
811 660 983 715 proelia
1015 661 1136 702 idem
1170 661 1264 703 fieri
1297 661 1516 704 solebat’ss
1851 658 1903 707 ἢ

342 740 503 794 Neque
535 745 640 782 sunt
673 740 838 782 diversi
871 740 917 782 hi
949 740 1060 782 loci:

340 820 463 862 Ann.
498 820 580 870 VI,
615 830 693 872 24:

347 900 544 954 „Drusus
587 899 859 954 (Germanici
903 899 1034 955 filius)
1078 901 1378 956 exstinguitur
1411 934 1420 943 .
1441 934 1451 943 .
1471 934 1480 944 .
1500 934 1510 944 .
1543 902 1770 949 centurio«

280 981 324 1022 in
359 993 538 1021 carcere
569 993 728 1022 omnes
760 980 855 1021 eius
883 993 1018 1021 voces
1044 981 1302 1036 exceperat)
1331 1013 1342 1023 .
1363 1013 1372 1023 .
1391 1014 1401 1023 .
1421 1013 1431 1023 .
1460 995 1596 1024 voces
1621 981 1712 1025 defi
1723 982 1782 1029 ,¹

279 1061 353 1115 (ad
386 1059 620 1101 Tiberium
654 1059 855 1114 pertulit)
889 1091 899 1101 .
919 1091 928 1102 .
948 1092 958 1101 .
977 1092 987 1101 .
1021 1061 1122 1114 quis
1154 1061 1300 1115 primo
1333 1063 1460 1116 quasi
1487 1076 1569 1117 per
1595 1062 1786 1115 demea

279 1138 456 1180 funesta
498 1138 697 1186 Tiberio.
736 1152 858 1189 mox,
892 1139 968 1181 ubi
1001 1153 1165 1195 exspes
1197 1141 1316 1183 vitae
1349 1141 1444 1192 fuit,
1479 1142 1721 1186 meditatas
1742 1123 1762 1188 ,

279 1219 541 1273 positasque
585 1219 704 1260 diras
745 1219 1095 1274 imprecabatur,
1139 1225 1201 1270 ut,
1234 1233 1370 1275 quem
1403 1222 1461 1263 ad
1494 1222 1682 1268 modum
1711 1225 1777 1274 ih„

279 1298 511 1353 filiumque
537 1297 684 1340 fratris
712 1304 758 1340 et
785 1304 976 1353 nepotes
1003 1299 1282 1378 domumque
1308 1314 1491 1343 omnem
1515 1301 1735 1345 caedibus
1754 1315 1782 1320 ”

279 1378 495 1433 plevisset
528 1392 566 1420 e.
601 1392 645 1433 q.
678 1378 728 1420 s.’

341 1459 447 1501 Post
478 1467 647 1514 nepotes
679 1459 883 1501 Ritterus
911 1459 1066 1501 inserit
1091 1468 1302 1502 necasset:
1331 1460 1508 1512 frustra,
1535 1474 1642 1504 nam
1665 1452 1782 1511 1ιὶοᾶ
1803 1514 1809 1518 λ
1833 1507 1847 1518 ,4

279 1553 367 1593 que
400 1540 512 1581 duas
544 1553 614 1580 res
646 1539 832 1580 Tacitus
863 1539 908 1580 in
941 1553 1077 1581 unam
1110 1545 1286 1582 coartat
1313 1546 1598 1584 structuram.
1625 1541 1671 1585 V
1784 1532 1839 1554 ²⁴

278 1619 523 1661 lectionem
555 1619 735 1674 egregie
767 1624 920 1661 tuetur
951 1619 1075 1673 quod
1107 1633 1145 1661 c.
1178 1631 1231 1672 41
1268 1619 1455 1675 legitur:
1767 1602 1772 1604 i

343 1698 586 1754 „Clitarum
628 1699 752 1740 natio
797 1731 806 1740 .
826 1731 836 1740 .
857 1731 866 1740 .
910 1699 954 1740 in
998 1700 1102 1754 iuga
1133 1699 1270 1741 Tauri
1302 1700 1470 1751 montis
1500 1700 1721 1755 abscessit
1763 1715 1787 1738 ἐι
1871 1729 1886 1752 s„
1913 1750 1915 1753 ,

278 1792 468 1833 rumque
511 1779 694 1833 ingenio
734 1792 833 1820 sese
874 1810 883 1820 .
903 1811 912 1820 .
933 1810 942 1820 .
976 1779 1210 1820 tutabatur
1242 1811 1252 1820 .
1273 1811 1283 1821 .
1303 1811 1313 1821 .
1346 1780 1492 1822 donec
1525 1780 1588 1823 M.
1621 1778 1822 1831 Trebelli

277 1858 453 1913 legatus
485 1891 494 1900 .
515 1891 525 1900 .
544 1891 554 1900 .
589 1859 702 1900 duos
734 1858 887 1909 colles,
921 1860 1040 1913 quos'
1067 1859 1246 1900 barbari
1274 1859 1534 1902 insederant
1562 1890 1572 1902 .
1591 1892 1602 1903 .
1621 1860 1790 1917 repeti

278 1938 578 1980 circumdedit
620 1943 666 1979 et
707 1951 945 1992 erumpere
977 1951 1110 1980 ausos
1142 1937 1273 1989 ferro,
1306 1944 1483 1982 ceteros
1513 1939 1588 1982 siti
1618 1940 1679 1983 ad
1707 1937 1776 1985 ⁴:1²

279 2031 414 2059 onem
447 2016 642 2072 coegit'’.
1718 2018 1722 2024 ’
1775 2010 1779 2013 ’

338 2097 390 2138 Id
432 2102 524 2138 est:
572 2110 833 2152 „erumpere
876 2110 1008 2138 ausos
1050 2097 1184 2139 ferro·
1209 2098 1466 2149 trucidavit,
1501 2083 1677 2142 ceteros
1697 2094 1787 2145 *siti*

278 2176 560 2218 deditionem
592 2175 785 2231 coegit”.
