2040 3412
1060 313 1143 354 268

369 431 581 484 „⁴Interim
614 437 662 473 ut
691 431 918 486 piaculum
946 433 1139 474 obicitur
1166 434 1370 474 centurio
1398 433 1650 488 Crispinus;
1680 437 1898 491 sanguine

304 511 539 565 Capitonis
571 525 618 552 se
652 517 981 562 cruentaverat,
1011 526 1157 566 eoque
1186 518 1231 554 et
1260 513 1593 567 postulantibus
1622 515 1900 558 manifestior

302 596 348 632 et
381 591 586 646 punienti
621 591 751 633 vilior
782 592 909 634 fuit.’'

361 671 573 714 Punienti
602 686 662 713 sc.
692 672 896 714 Vitellio.
931 673 1010 722 At,
1039 673 1245 724 obsecro,
1273 687 1380 715 num
1399 675 1533 729 punit
1559 675 1771 716 miserum
1798 689 1903 717 cen-

299 751 527 792 turionem
564 751 799 793 Vitellius?
834 752 955 793 Num
989 752 1104 794 ullus
1137 754 1322 794 omnino
1346 754 1562 808 puniendi
1587 754 1727 796 verbo
1750 754 1903 798 locus?
1969 731 2010 758 ’ἒ

303 832 379 873 An
423 846 687 874 censeamus
730 832 892 874 Tacito
926 834 1135 888 punitum
1169 834 1312 874 videri
1346 833 1589 884 hominem,
1630 835 1900 878 eonomine

301 912 359 954 ab
393 913 516 953 iratis
550 913 767 954 militibus
801 918 1025 962 necatum,
1061 914 1185 967 quod
1219 913 1491 968 Capitonem
1521 914 1785 958 occidisset?
1817 915 1899 958 Ca·

301 993 398 1046 pito
441 992 562 1033 enim
606 993 729 1046 quid,
764 992 912 1033 iudice
945 993 1121 1042 Tacito,
1156 992 1351 1034 fecerat?
1381 993 1528 1036 Haud
1555 994 1683 1036 dubie
1714 995 1768 1036 in.
1791 994 1898 1038 Ger·

300 1073 451 1114 mania
493 1073 768 1123 turbaverat,
815 1086 905 1114 non
950 1086 1078 1114 secus
1121 1087 1173 1114 ae
1219 1073 1372 1114 Macer
1411 1074 1456 1114 in
1489 1073 1645 1115 Africa
1678 1074 1735 1129 (v.
1767 1087 1806 1116 c.
1838 1074 1897 1136 7),

299 1158 422 1194 certe
451 1153 634 1194 turbare
662 1158 971 1207 coeptaverat‚
1001 1167 1195 1208 eumque
1224 1159 1543 1208 oppresserant
1561 1153 1899 1197 interfecerant-

300 1247 388 1287 que
432 1232 667 1274 Cornelius
707 1233 935 1287 Aquinius
968 1238 1013 1274 et
1048 1233 1216 1274 Fabius
1250 1233 1434 1283 Valens,
1474 1239 1745 1288 „antequam
1775 1234 1900 1277 iube-

298 1312 482 1353 rentur’'
517 1312 701 1366 quidem
737 1312 843 1367 (ib.)‚
884 1313 964 1354 sed
997 1318 1150 1354 tamen
1183 1313 1302 1355 haud
1338 1313 1474 1355 dubie
1508 1314 1591 1355 rati
1623 1327 1670 1356 se
1701 1314 1765 1356 sic
1798 1328 1900 1370 pro-

299 1393 474 1446 spicere
516 1393 658 1446 quieti
704 1398 750 1433 et
793 1393 1023 1434 securitati
1067 1393 1357 1447 reipublicae.
1403 1393 1524 1435 Num
1569 1394 1645 1448 qui
1678 1394 1918 1437 eiusmodi*

300 1472 474 1514 consilii
518 1474 745 1527 particeps
789 1473 883 1522 fuit,
928 1486 1031 1514 cum
1075 1479 1237 1527 postea
1276 1487 1302 1514 a
1345 1473 1627 1515 discordibus
1667 1473 1897 1524 militibus,

300 1553 376 1606 qui
418 1566 552 1606 aegre
596 1552 704 1593 illud
750 1551 963 1602 tulerunt,
1006 1553 1250 1594 crudeliter
1287 1553 1550 1604 trucidatur,
1575 1554 1740 1608 puniri
1766 1542 1899 1596 vela

301 1631 531 1682 militibus,
565 1632 637 1673 vel
670 1646 697 1673 a
729 1633 857 1681 duce,
895 1633 970 1686 qui
1005 1646 1095 1673 non
1129 1633 1384 1682 intercedit,
1419 1633 1507 1674 dici
1540 1631 1716 1690 potest?
1759 1632 1895 1695 Haud

298 1712 473 1766 opinor.
509 1712 718 1765 Denique
752 1725 868 1766 quae
902 1712 1146 1753 intercedit
1179 1713 1293 1753 ratio
1324 1713 1443 1753 inter
1475 1726 1611 1754 voces
1641 1726 1759 1767 quae
1789 1719 1894 1756 sunt

289 1791 618 1846 postulantibus
660 1797 704 1832 et
739 1790 970 1846 punienti?
1003 1791 1064 1833 Et
1095 1791 1248 1846 aliqua
1278 1798 1431 1833 tamen
1463 1793 1578 1834 ratio
1611 1793 1892 1835 intercedere

297 1873 448 1922 debet,
479 1873 560 1913 nisi
589 1873 813 1914 credimus
842 1872 1052 1913 Tacitum
1081 1886 1171 1914 non
1201 1873 1490 1914 cohaerentia
1514 1873 1730 1915 locutum.
1755 1873 1892 1928 Quod

296 1954 511 2008 quoniam
554 1953 739 1994 credere
782 1953 1004 2002 nolumus,
1048 1954 1092 1993 in
1127 1954 1333 2008 punienti
1372 1953 1512 1995 latere
1545 1954 1705 1995 vitium
1737 1959 1892 1997 nostro

295 2034 390 2074 iure
432 2034 686 2074 statuimus.
721 2032 856 2086 Quod
891 2033 1123 2086 quomodo
1157 2034 1214 2074 sit
1247 2033 1499 2075 tollendum
1532 2033 1624 2075 fere
1656 2034 1745 2075 iam
1778 2033 1894 2076 dixi-

296 2127 407 2163 mus,
437 2118 559 2154 certe
587 2113 735 2154 elucet
763 2127 786 2154 e
815 2118 913 2153 tota
941 2113 1251 2166 disputatione
1278 2118 1444 2154 nostra.
1475 2113 1643 2155 Milites
1661 2112 1897 2168 postulant

296 2193 480 2247 aliquid,
525 2194 618 2234 dux
659 2198 737 2233 aut
779 2193 948 2246 respuit
991 2192 1232 2246 postulata,
1276 2198 1353 2234 aut
1396 2206 1549 2234 aurem
1592 2193 1645 2234 iis
1686 2181 1894 2247 praebetss

296 2272 594 2314 Subtraxerat
637 2277 789 2313 autern
835 2271 1028 2313 militum
1072 2273 1203 2313 minis
1247 2272 1520 2322 Burdonem,
1554 2278 1601 2313 at
1633 2271 1890 2326 Crispinum
1929 2278 1934 2286 '

294 2352 346 2392 iis
375 2385 384 2393 .
405 2384 414 2392 .
436 2384 444 2392 .
474 2350 611 2405 quid?
645 2352 824 2405 Nempe
842 2352 1079 2406 permittit.
1116 2352 1216 2393 Hoc
1245 2357 1314 2392 est
1341 2334 1584 2405 legendum
1598 2350 1889 2406 permittent&

294 2431 381 2472 hoc
424 2432 555 2472 unice
598 2432 642 2471 in
686 2431 805 2472 hunc
848 2431 998 2472 locum
1041 2431 1269 2480 convenit,
1314 2437 1360 2472 et
1404 2431 1614 2472 ductibus
1655 2430 1887 2477 literarum

294 2511 487 2552 traditae
521 2511 622 2552 voci
646 2511 851 2565 punienti
881 2511 1128 2552 admodum
1162 2516 1229 2551 est
1262 2510 1406 2551 simile
1435 2510 1709 2565 (pmittenti).

355 2669 411 2709 H.
448 2670 481 2718 Ι,
515 2670 585 2721 64.
621 2669 790 2710 Fabius
817 2669 987 2711 Valens
1015 2683 1118 2711 curn
1146 2670 1396 2711 exercitum
1423 2670 1638 2717 adversus
1655 2668 1886 2711 Othonem

292 2748 336 2788 in
383 2748 559 2790 Italiam
602 2749 740 2798 ducit,
783 2750 828 2790 in
873 2750 1058 2790 civitate
1101 2749 1359 2803 Lingonum
1392 2749 1508 2790 inter
1539 2749 1810 2811 legionarios
1841 2754 1888 2791 et

294 2829 489 2869 Batavos
516 2829 753 2870 auxiliares
780 2830 923 2883 iurgia
951 2842 1157 2870 exarsere
1185 2829 1406 2869 eiusmodi
1432 2834 1482 2870 ut
1510 2841 1696 2883 propea
1713 2828 1885 2882 proelio

292 2907 471 2948 abesset
503 2922 585 2949 res,
621 2909 747 2950 Haec
780 2910 918 2963 ipsius
951 2909 1097 2950 Taciti
1131 2909 1270 2950 verba
1300 2914 1427 2950 sunt:

356 2987 529 3039 „Iurgia
571 2988 779 3040 primum,
826 3002 933 3029 mox
977 2989 1073 3029 rixa
1113 2989 1230 3029 inter
1274 2989 1468 3030 Batavos
1511 2994 1556 3029 et
1597 2987 1884 3042 legionarios,
