2040 3412
847 268 921 311 191

42 362 261 426 zi'etratur,
305 375 385 416 sed
429 388 577 416 sermo
611 374 837 424 Taciteus,
871 381 1009 430 atque
1042 377 1158 418 adeo
1178 376 1396 426 Latinus,
1430 376 1676 418 absurdum

60 469 134 504 m
161 456 350 498 modurn
383 456 700 510 corrumpitur.

46 518 83 562 ss',
141 535 299 592 Atque
327 537 547 579 admonet
574 549 647 577 me
670 536 742 578 hic
761 536 886 578 locus
903 537 1095 578 duorum
1115 537 1159 578 in
1180 537 1404 586 Historiis,
1425 537 1500 578 ubi
1520 537 1681 579 eadem

38 602 174 671 {gl-'vox
200 617 433 673 pueriliter
460 618 505 659 in
533 622 712 658 textum
736 617 904 658 inserta
922 617 1137 659 Taciteae
1155 618 1373 659 orationis
1389 618 1681 672 splendorem

20 677 360 762 {pessumdat
403 697 537 739 Alter
579 702 649 739 est
690 698 724 747 Ι,
770 708 838 738 22.
883 697 1051 752 Agitur
1083 699 1140 739 de
1173 697 1369 740 Othonis
1403 699 1576 740 libertis
1609 713 1687 754 pa-

35 764 69 826 ,Ῐ
79 782 265 821 tronum
297 791 428 820 suum
460 778 518 820 ad
551 777 728 819 fortiter
760 778 989 832 agendum
1022 778 1341 819 incitantibus:

51 847 53 850 ¹
146 857 320 912 „aulam
354 858 550 899 Neronis
583 863 630 899 et
661 857 806 907 luxus,
841 857 1062 899 adulteria
1097 858 1386 899 matrimonia
1419 864 1684 912 ceterasque

17 948 324 994 regnorum
348 938 561 980 libidines
586 938 722 996 avido
746 938 920 991 talium,
945 938 981 978 si
1000 937 1202 987 auderet,
1222 943 1270 979 ut
1287 951 1366 979 sua
1384 944 1684 988 ostentantes,

31 999 333 1074 ‘'s-quiescenti
367 1023 414 1060 ut
447 1018 595 1060 aliena
627 1017 1064 1073 exprobarabant.”·

40 1152 52 1163 ‚⁷
142 1097 255 1154 Quis
281 1099 404 1154 apud
432 1098 643 1141 Tacitum
671 1099 804 1140 istam
832 1098 918 1140 fert
945 1099 1166 1140 sermonis
1194 1099 1464 1149 ubertatem,
1484 1114 1573 1154 qua
1590 1100 1686 1142 sine

43 1227 53 1238 -.
83 1178 174 1221 ullo
206 1178 462 1221 sententiae
495 1179 807 1221 emolumento
841 1180 1003 1220 eadem
1037 1193 1106 1220 res
1139 1179 1256 1220 binis
1285 1180 1517 1221 vocabulis
1547 1180 1691 1235 (adul-

28 1259 214 1310 teria,
246 1260 552 1314 matrimonia)
587 1258 892 1315 significetur?
927 1259 1029 1301 Hoc
1062 1260 1194 1301 aulici
1224 1261 1296 1301 isti
1325 1260 1506 1302 volunt:
1542 1262 1602 1314 „si
1630 1262 1687 1302 ad

28 1338 49 1389 >f
83 1339 324 1396 imperium
373 1340 572 1390 veneris,
630 1340 1010 1381 nobilissimarum
1060 1340 1322 1390 mulierum,
1371 1355 1691 1396 quamcunque

28 1411 46 1462 ’Ῐ.
84 1419 224 1470 voles,
258 1433 447 1462 uxorem
483 1420 651 1461 habere
686 1420 901 1475 poteris.'’

147 1499 298 1542 Minus
330 1500 467 1542 etiam
501 1500 736 1542 ferendum
771 1501 895 1555 quod
930 1501 1073 1542 altero
1105 1501 1207 1542 loco
1241 1501 1405 1555 legitur
1436 1502 1517 1552 IV,
1556 1512 1632 1556 55:

145 1579 364 1623 Sabinum
406 1571 542 1635 super
586 1581 766 1622 insitam
811 1581 1062 1623 vanitatem
1096 1581 1233 1622 salsae
1266 1582 1418 1636 stirpis
1450 1582 1593 1636 gloria
1626 1583 1690 1625 in-

28 1669 34 1689 2
84 1660 326 1711 cendebat,
374 1662 610 1716 proaviam
658 1675 786 1703 suam
834 1651 1107 1718 divo'Iulio
1156 1676 1236 1717 per
1285 1661 1452 1704 Gallias
1500 1662 1689 1705 bellanti

59 1754 276 1798 „corpore
308 1746 447 1796 atque
480 1742 706 1783 adulterio
739 1741 1006 1797 placuisse.”

33 1803 53 1810 Ἀ
144 1821 415 1864 Admodum
458 1822 737 1864 delectatum
781 1836 878 1864 esse
919 1823 1130 1864 Taciturn
1167 1822 1353 1865 flosculo
1387 1824 1474 1865 isto
1507 1833 1690 1880 corpore

28 1888 50 1947 ἶ,
84 1902 308 1958 placuisse
350 1903 526 1957 opinor,
570 1904 649 1945 sed
693 1903 908 1958 spoliavit
938 1915 1044 1945 'eum
1078 1905 1262 1959 egregio
1295 1911 1579 1955 ornamento,
1614 1905 1690 1959 qui

25 1967 43 2018 s]
87 1984 259 2039 primus
310 1983 525 2025 insulsam
575 1985 922 2026 annotationem
972 1993 1103 2038 atque
1149 1985 1371 2026 adulterio
1422 1986 1465 2025 in
1509 1990 1688 2026 textum

81 2065 273 2120 recepit.

39 2131 41 2136 ἲ
146 2144 206 2186 Α.
239 2144 367 2195 XVI,
403 2156 442 2187 2.
476 2146 547 2187 De
580 2146 793 2188 thesauro
821 2160 847 2187 a
874 2159 920 2187 se
949 2146 1136 2187 invento
1164 2145 1303 2186 homo
1330 2146 1517 2199 quidam
1546 2159 1688 2187 vanus

30 2218 41 2266 Ῐ,
88 2225 318 2268 Neronem
352 2226 540 2268 edocet:

31 2363 42 2367 7
151 2306 319 2362 „Igitur
363 2307 498 2357 Nero,
546 2321 637 2349 non
680 2307 891 2357 auctoris,
936 2321 1027 2348 non
1071 2307 1210 2361 ipsius
1248 2307 1419 2361 negotii
1457 2307 1546 2348 fide
1580 2308 1689 2349 satis

84 2391 303 2441 spectata,
348 2401 431 2428 nec
465 2388 624 2437 missis,
657 2402 737 2442 per
771 2401 885 2442 quos
919 2392 1140 2436 nosceret,
1174 2400 1231 2428 an
1266 2401 1373 2428 vera
1405 2387 1687 2439 afferrentur,

23 2460 26 2506 Ῐ
86 2472 223 2521 auget
254 2466 373 2509 ultro
404 2468 677 2509 rumorem.”
877 2519 879 2521 ι

147 2545 236 2587 Hic
280 2547 570 2601 magistellus‚
614 2553 662 2589 ut
705 2553 977 2589 structuram
1020 2546 1168 2588 missis
1201 2555 1288 2602 per
1319 2562 1426 2602 quos
1457 2540 1689 2603 discipulis

31 2683 35 2687 s
88 2625 349 2680 explicaret,
379 2627 626 2668 absurdum
653 2633 699 2668 et
726 2641 752 2668 a
779 2641 827 2668 se
856 2627 1092 2668 inventum
1115 2627 1451 2669 substantivum
1468 2629 1689 2671 visoribus

24 2711 51 2760 '²2
88 2704 133 2747 in
166 2705 369 2760 margine
401 2707 655 2762 adscripsit,
689 2707 812 2761 quod
847 2712 1008 2761 postea
1041 2706 1086 2747 in
1120 2711 1299 2747 textum
1333 2714 1568 2762 receptum
1600 2723 1692 2750 ser-

54 2783 57 2787 ’
88 2785 235 2826 monis
282 2785 490 2828 barbarie
538 2788 676 2829 etiam
725 2787 878 2842 prodit
926 2785 1129 2827 sciolum.
1180 2785 1355 2840 Quodsi
1404 2803 1523 2830 nunc
1565 2790 1689 2844 apud

34 2872 39 2873 ’
87 2865 299 2907 Tacitum
341 2866 566 2921 legeretur
612 2868 783 2920 „missis
815 2865 1173 2921 exploratoribus
1205 2867 1281 2920 qui
1314 2868 1584 2910 noscerent”
1618 2869 1690 2911 vel

23 2949 27 2954 ”
66 2945 310 2986 ‘eiusmodi
351 2946 536 3001 aliquid,
581 2961 672 2989 non
716 2948 927 2988 deessent
971 2946 1054 2986 viri
1088 2946 1226 2996 docti,
1261 2948 1338 3001 qui
1371 2949 1506 2990 anxie
1538 2949 1692 2991 obsta-
