<?xml version="1.0" encoding="UTF-8"?>
<!DOCTYPE html PUBLIC "-//W3C//DTD XHTML 1.0 Transitional//EN"
    "http://www.w3.org/TR/xhtml1/DTD/xhtml1-transitional.dtd">
<html xmlns="http://www.w3.org/1999/xhtml" xml:lang="en" lang="en">
 <head>
  <title>
</title>
<meta http-equiv="Content-Type" content="text/html;charset=utf-8" />
  <meta name='ocr-system' content='tesseract 3.04.00' />
  <meta name='ocr-capabilities' content='ocr_page ocr_carea ocr_par ocr_line ocrx_word'/>
</head>
<body>
  <div class='ocr_page' id='page_1' title='image "analectatacitea00hartuoft_0217.png"; bbox 0 0 2040 3412; ppageno 0'>
   <div class='ocr_carea' id='block_1_1' title="bbox 0 0 111 535">
    <p class='ocr_par' dir='ltr' id='par_1_1' title="bbox 0 0 111 535">
     <span class='ocr_line' id='line_1_1' title="bbox 0 0 111 535; baseline 0 0"><span class='ocrx_word' id='word_1_1' title='bbox 0 0 111 535; x_wconf 95' lang='lat' dir='ltr'><strong>   </strong></span> 
     </span>
    </p>
   </div>
   <div class='ocr_carea' id='block_1_2' title="bbox 874 248 961 294">
    <p class='ocr_par' dir='ltr' id='par_1_2' title="bbox 874 248 961 294">
     <span class='ocr_line' id='line_1_2' title="bbox 874 248 961 294; baseline 0 0"><span class='ocrx_word' id='word_1_2' title='bbox 874 248 961 294; x_wconf 87' lang='lat'><strong>209</strong></span> 
     </span>
    </p>
   </div>
   <div class='ocr_carea' id='block_1_3' title="bbox 39 355 1719 1216">
    <p class='ocr_par' dir='ltr' id='par_1_3' title="bbox 38 336 1715 500">
     <span class='ocr_line' id='line_1_3' title="bbox 66 355 1715 415; baseline 0.004 -18.883"><span class='ocrx_word' id='word_1_3' title='bbox 66 399 77 413; x_wconf 17' lang='lat' dir='ltr'><strong>N*</strong></span> <span class='ocrx_word' id='word_1_4' title='bbox 113 360 459 411; x_wconf 82' lang='lat' dir='ltr'><strong>temperassent.</strong></span> <span class='ocrx_word' id='word_1_5' title='bbox 487 355 579 399; x_wconf 87' lang='lat' dir='ltr'><strong>Sed</strong></span> <span class='ocrx_word' id='word_1_6' title='bbox 604 356 680 399; x_wconf 94' lang='lat' dir='ltr'><strong>ubi</strong></span> <span class='ocrx_word' id='word_1_7' title='bbox 703 355 899 399; x_wconf 89' lang='lat' dir='ltr'><strong>Caecina</strong></span> <span class='ocrx_word' id='word_1_8' title='bbox 917 364 1155 413; x_wconf 89' lang='lat' dir='ltr'><strong>praetexta</strong></span> <span class='ocrx_word' id='word_1_9' title='bbox 1171 359 1498 414; x_wconf 79' lang='lat' dir='ltr'><strong>lictoribusque</strong></span> <span class='ocrx_word' id='word_1_10' title='bbox 1516 361 1715 415; x_wconf 89' lang='lat' dir='ltr'><strong>insignis,</strong></span> 
     </span>
     <span class='ocr_line' id='line_1_4' title="bbox 110 435 1218 500; baseline 0.003 -21.861"><span class='ocrx_word' id='word_1_11' title='bbox 110 435 291 488; x_wconf 47' lang='lat' dir='ltr'><strong>&gt;dimota</strong></span> <span class='ocrx_word' id='word_1_12' title='bbox 323 436 470 487; x_wconf 88' lang='lat' dir='ltr'><strong>turba,</strong></span> <span class='ocrx_word' id='word_1_13' title='bbox 505 437 700 500; x_wconf 83' lang='lat' dir='ltr'><strong>incessit,</strong></span> <span class='ocrx_word' id='word_1_14' title='bbox 737 451 945 480; x_wconf 87' lang='lat' dir='ltr'><strong>exarsere</strong></span> <span class='ocrx_word' id='word_1_15' title='bbox 978 439 1218 481; x_wconf 90' lang='lat' dir='ltr'><strong>victores.”</strong></span> 
     </span>
    </p>

    <p class='ocr_par' dir='ltr' id='par_1_4' title="bbox 44 497 1718 975">
     <span class='ocr_line' id='line_1_5' title="bbox 176 516 1717 572; baseline 0.003 -13.633"><span class='ocrx_word' id='word_1_16' title='bbox 176 516 358 559; x_wconf 90' lang='lat' dir='ltr'><strong>Putavit</strong></span> <span class='ocrx_word' id='word_1_17' title='bbox 383 516 548 559; x_wconf 89' lang='lat' dir='ltr'><strong>sciolus</strong></span> <span class='ocrx_word' id='word_1_18' title='bbox 575 517 687 559; x_wconf 89' lang='lat' dir='ltr'><strong>haec</strong></span> <span class='ocrx_word' id='word_1_19' title='bbox 714 517 960 572; x_wconf 89' lang='lat' dir='ltr'><strong>aliquando</strong></span> <span class='ocrx_word' id='word_1_20' title='bbox 988 518 1156 561; x_wconf 89' lang='lat' dir='ltr'><strong>lectum</strong></span> <span class='ocrx_word' id='word_1_21' title='bbox 1185 520 1237 560; x_wconf 92' lang='lat' dir='ltr'><strong>iri</strong></span> <span class='ocrx_word' id='word_1_22' title='bbox 1264 519 1323 562; x_wconf 90' lang='lat' dir='ltr'><strong>ab</strong></span> <span class='ocrx_word' id='word_1_23' title='bbox 1340 519 1600 562; x_wconf 89' lang='lat' dir='ltr'><strong>hominibus</strong></span> <span class='ocrx_word' id='word_1_24' title='bbox 1618 521 1717 563; x_wconf 90' lang='lat' dir='ltr'><strong>bar-</strong></span> 
     </span>
     <span class='ocr_line' id='line_1_6' title="bbox 50 579 1718 657; baseline 0.002 -17"><span class='ocrx_word' id='word_1_25' title='bbox 50 607 88 611; x_wconf 78' lang='grc'>’</span> <span class='ocrx_word' id='word_1_26' title='bbox 115 597 248 648; x_wconf 88' lang='lat' dir='ltr'><strong>baris,</strong></span> <span class='ocrx_word' id='word_1_27' title='bbox 281 597 359 652; x_wconf 91' lang='lat' dir='ltr'><strong>qui</strong></span> <span class='ocrx_word' id='word_1_28' title='bbox 389 611 470 639; x_wconf 88' lang='lat' dir='ltr'><strong>sua</strong></span> <span class='ocrx_word' id='word_1_29' title='bbox 501 603 667 653; x_wconf 90' lang='lat' dir='ltr'><strong>sponte</strong></span> <span class='ocrx_word' id='word_1_30' title='bbox 700 612 724 639; x_wconf 94' lang='lat' dir='ltr'><strong>e</strong></span> <span class='ocrx_word' id='word_1_31' title='bbox 752 598 903 640; x_wconf 92' lang='lat' dir='ltr'><strong>verbis</strong></span> <span class='ocrx_word' id='word_1_32' title='bbox 922 607 1164 654; x_wconf 81' lang='lat' dir='ltr'><strong>praetexta</strong></span> <span class='ocrx_word' id='word_1_33' title='bbox 1191 600 1500 655; x_wconf 76' lang='lat' dir='ltr'><strong>lictoribusque</strong></span> <span class='ocrx_word' id='word_1_34' title='bbox 1527 601 1718 657; x_wconf 81' lang='lat' dir='ltr'><strong>insignis</strong></span> 
     </span>
     <span class='ocr_line' id='line_1_7' title="bbox 114 676 1718 734; baseline 0.002 -14.84"><span class='ocrx_word' id='word_1_35' title='bbox 114 690 252 732; x_wconf 86' lang='lat' dir='ltr'><strong>quern</strong></span> <span class='ocrx_word' id='word_1_36' title='bbox 295 676 518 720; x_wconf 88' lang='lat' dir='ltr'><strong>honorem</strong></span> <span class='ocrx_word' id='word_1_37' title='bbox 561 691 664 719; x_wconf 90' lang='lat' dir='ltr'><strong>cum</strong></span> <span class='ocrx_word' id='word_1_38' title='bbox 708 678 907 720; x_wconf 84' lang='lat' dir='ltr'><strong>maxime</strong></span> <span class='ocrx_word' id='word_1_39' title='bbox 944 680 1156 734; x_wconf 86' lang='lat' dir='ltr'><strong>gessisset</strong></span> <span class='ocrx_word' id='word_1_40' title='bbox 1189 679 1384 722; x_wconf 85' lang='lat' dir='ltr'><strong>Caecina</strong></span> <span class='ocrx_word' id='word_1_41' title='bbox 1415 681 1593 722; x_wconf 85' lang='lat' dir='ltr'><strong>efficere</strong></span> <span class='ocrx_word' id='word_1_42' title='bbox 1626 695 1718 723; x_wconf 89' lang='lat' dir='ltr'><strong>non</strong></span> 
     </span>
     <span class='ocr_line' id='line_1_8' title="bbox 45 757 1717 820; baseline 0.003 -22"><span class='ocrx_word' id='word_1_43' title='bbox 45 767 77 820; x_wconf 21' lang='grc' dir='ltr'><strong>ᾗ,</strong></span> <span class='ocrx_word' id='word_1_44' title='bbox 114 763 316 813; x_wconf 86' lang='lat' dir='ltr'><strong>possent.</strong></span> <span class='ocrx_word' id='word_1_45' title='bbox 360 757 618 799; x_wconf 91' lang='lat' dir='ltr'><strong>Annotavit</strong></span> <span class='ocrx_word' id='word_1_46' title='bbox 646 771 777 812; x_wconf 88' lang='lat' dir='ltr'><strong>ergo:</strong></span> <span class='ocrx_word' id='word_1_47' title='bbox 806 759 967 810; x_wconf 85' lang='lat' dir='ltr'><strong>consul,</strong></span> <span class='ocrx_word' id='word_1_48' title='bbox 996 761 1120 814; x_wconf 92' lang='lat' dir='ltr'><strong>quod</strong></span> <span class='ocrx_word' id='word_1_49' title='bbox 1150 760 1437 811; x_wconf 81' lang='lat' dir='ltr'><strong>vocabulum,</strong></span> <span class='ocrx_word' id='word_1_50' title='bbox 1465 762 1510 803; x_wconf 93' lang='lat' dir='ltr'><strong>in</strong></span> <span class='ocrx_word' id='word_1_51' title='bbox 1537 767 1717 804; x_wconf 90' lang='lat' dir='ltr'><strong>textum</strong></span> 
     </span>
     <span class='ocr_line' id='line_1_9' title="bbox 44 818 1716 896; baseline 0.002 -17"><span class='ocrx_word' id='word_1_52' title='bbox 44 818 82 875; x_wconf 33' lang='grc' dir='ltr'>δῖ</span> <span class='ocrx_word' id='word_1_53' title='bbox 114 843 365 894; x_wconf 86' lang='lat' dir='ltr'><strong>receptum,</strong></span> <span class='ocrx_word' id='word_1_54' title='bbox 409 852 528 880; x_wconf 90' lang='lat' dir='ltr'><strong>nunc</strong></span> <span class='ocrx_word' id='word_1_55' title='bbox 571 839 669 893; x_wconf 92' lang='lat' dir='ltr'><strong>ipsa</strong></span> <span class='ocrx_word' id='word_1_56' title='bbox 711 839 834 887; x_wconf 92' lang='lat' dir='ltr'><strong>sede,</strong></span> <span class='ocrx_word' id='word_1_57' title='bbox 877 853 1015 894; x_wconf 91' lang='lat' dir='ltr'><strong>quam</strong></span> <span class='ocrx_word' id='word_1_58' title='bbox 1059 841 1316 895; x_wconf 88' lang='lat' dir='ltr'><strong>occupavit,</strong></span> <span class='ocrx_word' id='word_1_59' title='bbox 1360 840 1457 882; x_wconf 92' lang='lat' dir='ltr'><strong>falsi</strong></span> <span class='ocrx_word' id='word_1_60' title='bbox 1491 842 1716 896; x_wconf 84' lang='lat' dir='ltr'><strong>arguitur:</strong></span> 
     </span>
     <span class='ocr_line' id='line_1_10' title="bbox 47 911 848 975; baseline -0.002 -12"><span class='ocrx_word' id='word_1_61' title='bbox 47 911 67 971; x_wconf 52' lang='lat' dir='ltr'><strong>J]</strong></span> <span class='ocrx_word' id='word_1_62' title='bbox 115 924 222 975; x_wconf 87' lang='lat' dir='ltr'><strong>post</strong></span> <span class='ocrx_word' id='word_1_63' title='bbox 252 919 386 962; x_wconf 87' lang='lat' dir='ltr'><strong>turba</strong></span> <span class='ocrx_word' id='word_1_64' title='bbox 419 919 540 961; x_wconf 87' lang='lat' dir='ltr'><strong>enirn</strong></span> <span class='ocrx_word' id='word_1_65' title='bbox 572 918 750 974; x_wconf 92' lang='lat' dir='ltr'><strong>legitur.</strong></span> <span class='ocrx_word' id='word_1_66' title='bbox 846 916 848 918; x_wconf 67' lang='grc'><strong>’</strong></span> 
     </span>
    </p>

    <p class='ocr_par' dir='ltr' id='par_1_5' title="bbox 37 985 1718 1143">
     <span class='ocr_line' id='line_1_11' title="bbox 39 985 1718 1057; baseline 0.003 -17"><span class='ocrx_word' id='word_1_67' title='bbox 39 985 75 1051; x_wconf 60' lang='lat' dir='ltr'><strong>&#39;f</strong></span> <span class='ocrx_word' id='word_1_68' title='bbox 97 1046 105 1051; x_wconf 22' lang='lat'><strong>‚⁷</strong></span> <span class='ocrx_word' id='word_1_69' title='bbox 176 999 236 1042; x_wconf 90' lang='lat' dir='ltr'><strong>H.</strong></span> <span class='ocrx_word' id='word_1_70' title='bbox 280 999 362 1050; x_wconf 85' lang='grc' dir='ltr'><strong>ΙΙΙ,</strong></span> <span class='ocrx_word' id='word_1_71' title='bbox 404 1000 476 1052; x_wconf 89' lang='lat'><strong>48.</strong></span> <span class='ocrx_word' id='word_1_72' title='bbox 511 1000 563 1041; x_wconf 93' lang='lat' dir='ltr'><strong>In</strong></span> <span class='ocrx_word' id='word_1_73' title='bbox 597 999 819 1055; x_wconf 85' lang='lat' dir='ltr'><strong>Aegypto</strong></span> <span class='ocrx_word' id='word_1_74' title='bbox 853 1014 956 1042; x_wconf 91' lang='lat' dir='ltr'><strong>cum</strong></span> <span class='ocrx_word' id='word_1_75' title='bbox 990 1007 1109 1043; x_wconf 90' lang='lat' dir='ltr'><strong>esset</strong></span> <span class='ocrx_word' id='word_1_76' title='bbox 1144 1002 1282 1043; x_wconf 88' lang='lat' dir='ltr'><strong>etiam</strong></span> <span class='ocrx_word' id='word_1_77' title='bbox 1317 1002 1626 1057; x_wconf 84' lang='lat' dir='ltr'><strong>Vespasianus</strong></span> <span class='ocrx_word' id='word_1_78' title='bbox 1661 1004 1718 1045; x_wconf 94' lang='lat' dir='ltr'><strong>de</strong></span> 
     </span>
     <span class='ocr_line' id='line_1_12' title="bbox 117 1079 1091 1135; baseline 0.001 -12.924"><span class='ocrx_word' id='word_1_79' title='bbox 117 1079 278 1135; x_wconf 87' lang='lat' dir='ltr'><strong>proelii</strong></span> <span class='ocrx_word' id='word_1_80' title='bbox 309 1079 628 1123; x_wconf 89' lang='lat' dir='ltr'><strong>Cremonensis</strong></span> <span class='ocrx_word' id='word_1_81' title='bbox 660 1081 786 1122; x_wconf 88' lang='lat' dir='ltr'><strong>exitu</strong></span> <span class='ocrx_word' id='word_1_82' title='bbox 819 1081 870 1122; x_wconf 87' lang='lat' dir='ltr'><strong>fit</strong></span> <span class='ocrx_word' id='word_1_83' title='bbox 903 1082 1091 1123; x_wconf 83' lang='lat' dir='ltr'><strong>certior:</strong></span> 
     </span>
    </p>

    <p class='ocr_par' dir='ltr' id='par_1_6' title="bbox 181 1160 1719 1216">
     <span class='ocr_line' id='line_1_13' title="bbox 181 1160 1719 1216; baseline 0.002 -14"><span class='ocrx_word' id='word_1_84' title='bbox 181 1160 278 1215; x_wconf 83' lang='lat' dir='ltr'><strong>„Eo</strong></span> <span class='ocrx_word' id='word_1_85' title='bbox 322 1162 640 1216; x_wconf 86' lang='lat' dir='ltr'><strong>properantius</strong></span> <span class='ocrx_word' id='word_1_86' title='bbox 683 1161 1012 1203; x_wconf 86' lang='lat' dir='ltr'><strong>Alexandriam</strong></span> <span class='ocrx_word' id='word_1_87' title='bbox 1057 1163 1219 1216; x_wconf 88' lang='lat' dir='ltr'><strong>pergit,</strong></span> <span class='ocrx_word' id='word_1_88' title='bbox 1263 1168 1311 1204; x_wconf 91' lang='lat' dir='ltr'><strong>ut</strong></span> <span class='ocrx_word' id='word_1_89' title='bbox 1355 1162 1500 1206; x_wconf 84' lang='lat' dir='ltr'><strong>fracto</strong></span> <span class='ocrx_word' id='word_1_90' title='bbox 1544 1163 1719 1205; x_wconf 90' lang='lat' dir='ltr'><strong>Vitellii</strong></span> 
     </span>
    </p>
   </div>
   <div class='ocr_carea' id='block_1_4' title="bbox 27 1241 1719 1299">
    <p class='ocr_par' dir='ltr' id='par_1_7' title="bbox 27 1241 1719 1299">
     <span class='ocr_line' id='line_1_14' title="bbox 27 1241 1719 1299; baseline 0.002 -17"><span class='ocrx_word' id='word_1_91' title='bbox 27 1261 77 1297; x_wconf 39' lang='grc' dir='ltr'><strong>,ρ</strong></span> <span class='ocrx_word' id='word_1_92' title='bbox 117 1241 320 1283; x_wconf 88' lang='lat' dir='ltr'><strong>exercitu</strong></span> <span class='ocrx_word' id='word_1_93' title='bbox 354 1241 513 1283; x_wconf 90' lang='lat' dir='ltr'><strong>urbem</strong></span> <span class='ocrx_word' id='word_1_94' title='bbox 545 1255 729 1296; x_wconf 91' lang='lat' dir='ltr'><strong>quoque</strong></span> <span class='ocrx_word' id='word_1_95' title='bbox 762 1247 979 1283; x_wconf 89' lang='lat' dir='ltr'><strong>externae</strong></span> <span class='ocrx_word' id='word_1_96' title='bbox 1012 1243 1112 1297; x_wconf 91' lang='lat' dir='ltr'><strong>opis</strong></span> <span class='ocrx_word' id='word_1_97' title='bbox 1144 1243 1346 1297; x_wconf 83' lang='lat' dir='ltr'><strong>indigam</strong></span> <span class='ocrx_word' id='word_1_98' title='bbox 1380 1243 1498 1285; x_wconf 90' lang='lat' dir='ltr'><strong>fame</strong></span> <span class='ocrx_word' id='word_1_99' title='bbox 1525 1251 1719 1299; x_wconf 86' lang='lat' dir='ltr'><strong>urgeret.</strong></span> 
     </span>
    </p>
   </div>
   <div class='ocr_carea' id='block_1_5' title="bbox 30 1310 1723 1378">
    <p class='ocr_par' dir='ltr' id='par_1_8' title="bbox 30 1310 1723 1378">
     <span class='ocr_line' id='line_1_15' title="bbox 30 1310 1723 1378; baseline 0.005 -21"><span class='ocrx_word' id='word_1_100' title='bbox 30 1310 54 1333; x_wconf 64' lang='lat'><strong>&#39;³‘</strong></span> <span class='ocrx_word' id='word_1_101' title='bbox 118 1321 330 1376; x_wconf 86' lang='lat' dir='ltr'><strong>Namque</strong></span> <span class='ocrx_word' id='word_1_102' title='bbox 352 1320 381 1376; x_wconf 91' lang='lat'><strong>¹)</strong></span> <span class='ocrx_word' id='word_1_103' title='bbox 410 1327 456 1364; x_wconf 92' lang='lat' dir='ltr'><strong>et</strong></span> <span class='ocrx_word' id='word_1_104' title='bbox 483 1321 686 1363; x_wconf 89' lang='lat' dir='ltr'><strong>Africam</strong></span> <span class='ocrx_word' id='word_1_105' title='bbox 715 1328 834 1364; x_wconf 86' lang='lat' dir='ltr'><strong>terra</strong></span> <span class='ocrx_word' id='word_1_106' title='bbox 863 1323 1066 1377; x_wconf 90' lang='lat' dir='ltr'><strong>marique</strong></span> <span class='ocrx_word' id='word_1_107' title='bbox 1094 1323 1310 1365; x_wconf 90' lang='lat' dir='ltr'><strong>invadere</strong></span> <span class='ocrx_word' id='word_1_108' title='bbox 1328 1324 1532 1378; x_wconf 91' lang='lat' dir='ltr'><strong>parabat,</strong></span> <span class='ocrx_word' id='word_1_109' title='bbox 1562 1325 1723 1366; x_wconf 89' lang='lat' dir='ltr'><strong>clausis</strong></span> 
     </span>
    </p>
   </div>
   <div class='ocr_carea' id='block_1_6' title="bbox 38 1392 1722 1540">
    <p class='ocr_par' dir='ltr' id='par_1_9' title="bbox 38 1392 1722 1540">
     <span class='ocr_line' id='line_1_16' title="bbox 38 1392 1633 1457; baseline 0.001 -11"><span class='ocrx_word' id='word_1_110' title='bbox 38 1392 57 1410; x_wconf 64' lang='lat'><strong><em>⁵</em></strong></span> <span class='ocrx_word' id='word_1_111' title='bbox 116 1414 326 1445; x_wconf 86' lang='lat' dir='ltr'><strong>annonae</strong></span> <span class='ocrx_word' id='word_1_112' title='bbox 359 1402 571 1444; x_wconf 88' lang='lat' dir='ltr'><strong>subsidiis</strong></span> <span class='ocrx_word' id='word_1_113' title='bbox 603 1404 804 1457; x_wconf 90' lang='lat' dir='ltr'><strong>inopiam</strong></span> <span class='ocrx_word' id='word_1_114' title='bbox 839 1417 891 1444; x_wconf 91' lang='lat' dir='ltr'><strong>ac</strong></span> <span class='ocrx_word' id='word_1_115' title='bbox 926 1404 1200 1445; x_wconf 87' lang='lat' dir='ltr'><strong>discordiam</strong></span> <span class='ocrx_word' id='word_1_116' title='bbox 1235 1405 1353 1445; x_wconf 90' lang='lat' dir='ltr'><strong>hosti</strong></span> <span class='ocrx_word' id='word_1_117' title='bbox 1387 1405 1598 1447; x_wconf 91' lang='lat' dir='ltr'><strong>facturus.</strong></span> <span class='ocrx_word' id='word_1_118' title='bbox 1611 1406 1633 1421; x_wconf 91' lang='lat'><strong>&#39;&#39;</strong></span> 
     </span>
     <span class='ocr_line' id='line_1_17' title="bbox 179 1482 1722 1540; baseline 0.002 -16"><span class='ocrx_word' id='word_1_119' title='bbox 179 1482 415 1538; x_wconf 90' lang='lat' dir='ltr'><strong>Numquid</strong></span> <span class='ocrx_word' id='word_1_120' title='bbox 446 1483 500 1524; x_wconf 89' lang='lat' dir='ltr'><strong>iis</strong></span> <span class='ocrx_word' id='word_1_121' title='bbox 533 1483 792 1525; x_wconf 90' lang='lat' dir='ltr'><strong>hominibus</strong></span> <span class='ocrx_word' id='word_1_122' title='bbox 826 1497 873 1524; x_wconf 90' lang='lat' dir='ltr'><strong>se</strong></span> <span class='ocrx_word' id='word_1_123' title='bbox 905 1484 1102 1525; x_wconf 91' lang='lat' dir='ltr'><strong>scribere</strong></span> <span class='ocrx_word' id='word_1_124' title='bbox 1135 1485 1313 1539; x_wconf 90' lang='lat' dir='ltr'><strong>putavit</strong></span> <span class='ocrx_word' id='word_1_125' title='bbox 1346 1485 1544 1536; x_wconf 90' lang='lat' dir='ltr'><strong>Tacitus,</strong></span> <span class='ocrx_word' id='word_1_126' title='bbox 1574 1486 1650 1540; x_wconf 91' lang='lat' dir='ltr'><strong>qui</strong></span> <span class='ocrx_word' id='word_1_127' title='bbox 1678 1486 1722 1527; x_wconf 93' lang='lat' dir='ltr'><strong>in</strong></span> 
     </span>
    </p>
   </div>
   <div class='ocr_carea' id='block_1_7' title="bbox 37 1552 1724 1620">
    <p class='ocr_par' dir='ltr' id='par_1_10' title="bbox 37 1552 1724 1620">
     <span class='ocr_line' id='line_1_18' title="bbox 37 1552 1724 1620; baseline 0.003 -18"><span class='ocrx_word' id='word_1_128' title='bbox 37 1560 55 1602; x_wconf 70' lang='grc' dir='ltr'><em>ζ</em></span> <span class='ocrx_word' id='word_1_129' title='bbox 118 1577 210 1618; x_wconf 90' lang='lat' dir='ltr'><strong>qua</strong></span> <span class='ocrx_word' id='word_1_130' title='bbox 230 1569 360 1618; x_wconf 91' lang='lat' dir='ltr'><strong>parte</strong></span> <span class='ocrx_word' id='word_1_131' title='bbox 383 1552 505 1605; x_wconf 91' lang='lat' dir='ltr'><strong>orbis</strong></span> <span class='ocrx_word' id='word_1_132' title='bbox 527 1568 748 1605; x_wconf 88' lang='lat' dir='ltr'><strong>terrarum</strong></span> <span class='ocrx_word' id='word_1_133' title='bbox 767 1564 1004 1618; x_wconf 91' lang='lat' dir='ltr'><strong>provincia</strong></span> <span class='ocrx_word' id='word_1_134' title='bbox 1020 1564 1179 1606; x_wconf 89' lang='lat' dir='ltr'><strong>Africa</strong></span> <span class='ocrx_word' id='word_1_135' title='bbox 1196 1565 1282 1606; x_wconf 89' lang='lat' dir='ltr'><strong>sita</strong></span> <span class='ocrx_word' id='word_1_136' title='bbox 1301 1571 1420 1606; x_wconf 89' lang='lat' dir='ltr'><strong>esset</strong></span> <span class='ocrx_word' id='word_1_137' title='bbox 1438 1564 1724 1620; x_wconf 86' lang='lat' dir='ltr'><strong>ignorarent?</strong></span> 
     </span>
    </p>
   </div>
   <div class='ocr_carea' id='block_1_8' title="bbox 119 1641 1723 1707">
    <p class='ocr_par' dir='ltr' id='par_1_11' title="bbox 36 1628 1723 1707">
     <span class='ocr_line' id='line_1_19' title="bbox 119 1641 1723 1707; baseline 0.001 -21.902"><span class='ocrx_word' id='word_1_138' title='bbox 119 1643 182 1687; x_wconf 92' lang='lat' dir='ltr'><strong>Et</strong></span> <span class='ocrx_word' id='word_1_139' title='bbox 213 1644 249 1686; x_wconf 92' lang='lat' dir='ltr'><strong>si</strong></span> <span class='ocrx_word' id='word_1_140' title='bbox 283 1644 476 1699; x_wconf 90' lang='lat' dir='ltr'><strong>putavit,</strong></span> <span class='ocrx_word' id='word_1_141' title='bbox 506 1658 614 1686; x_wconf 89' lang='lat' dir='ltr'><strong>num</strong></span> <span class='ocrx_word' id='word_1_142' title='bbox 643 1644 894 1698; x_wconf 89' lang='lat' dir='ltr'><strong>quidquam</strong></span> <span class='ocrx_word' id='word_1_143' title='bbox 921 1641 968 1685; x_wconf 88' lang='lat' dir='ltr'><strong>se</strong></span> <span class='ocrx_word' id='word_1_144' title='bbox 995 1644 1058 1707; x_wconf 91' lang='lat' dir='ltr'><strong>iis</strong></span> <span class='ocrx_word' id='word_1_145' title='bbox 1075 1644 1358 1698; x_wconf 91' lang='lat' dir='ltr'><strong>profuturum</strong></span> <span class='ocrx_word' id='word_1_146' title='bbox 1378 1645 1622 1687; x_wconf 87' lang='lat' dir='ltr'><strong>arbitratus</strong></span> <span class='ocrx_word' id='word_1_147' title='bbox 1640 1651 1723 1695; x_wconf 87' lang='lat' dir='ltr'><strong>est,</strong></span> 
     </span>
    </p>
   </div>
   <div class='ocr_carea' id='block_1_9' title="bbox 20 1723 1724 1781">
    <p class='ocr_par' dir='ltr' id='par_1_12' title="bbox 20 1707 1724 1781">
     <span class='ocr_line' id='line_1_20' title="bbox 20 1723 1724 1781; baseline 0.001 -15"><span class='ocrx_word' id='word_1_148' title='bbox 20 1724 32 1753; x_wconf 75' lang='grc'><strong>·-’</strong></span> <span class='ocrx_word' id='word_1_149' title='bbox 75 1777 81 1781; x_wconf 57' lang='lat'><em>„</em></span> <span class='ocrx_word' id='word_1_150' title='bbox 119 1724 156 1765; x_wconf 88' lang='lat' dir='ltr'><strong>si</strong></span> <span class='ocrx_word' id='word_1_151' title='bbox 182 1725 462 1771; x_wconf 84' lang='lat' dir='ltr'><strong>adscriberet</strong></span> <span class='ocrx_word' id='word_1_152' title='bbox 488 1725 632 1766; x_wconf 85' lang='lat' dir='ltr'><strong>eodem</strong></span> <span class='ocrx_word' id='word_1_153' title='bbox 659 1724 799 1766; x_wconf 80' lang='lat' dir='ltr'><strong>latere</strong></span> <span class='ocrx_word' id='word_1_154' title='bbox 823 1723 986 1766; x_wconf 73' lang='lat' dir='ltr'><strong>sitam?</strong></span> <span class='ocrx_word' id='word_1_155' title='bbox 1015 1725 1161 1766; x_wconf 90' lang='lat' dir='ltr'><strong>Immo</strong></span> <span class='ocrx_word' id='word_1_156' title='bbox 1191 1725 1430 1779; x_wconf 88' lang='lat' dir='ltr'><strong>magistelli</strong></span> <span class='ocrx_word' id='word_1_157' title='bbox 1460 1726 1545 1767; x_wconf 89' lang='lat' dir='ltr'><strong>ista</strong></span> <span class='ocrx_word' id='word_1_158' title='bbox 1562 1731 1631 1767; x_wconf 90' lang='lat' dir='ltr'><strong>est</strong></span> <span class='ocrx_word' id='word_1_159' title='bbox 1648 1740 1724 1768; x_wconf 89' lang='lat' dir='ltr'><strong>an-</strong></span> 
     </span>
    </p>
   </div>
   <div class='ocr_carea' id='block_1_10' title="bbox 82 1804 1724 1865">
    <p class='ocr_par' dir='ltr' id='par_1_13' title="bbox 24 1786 1724 1865">
     <span class='ocr_line' id='line_1_21' title="bbox 82 1804 1724 1865; baseline 0.001 -18.932"><span class='ocrx_word' id='word_1_160' title='bbox 82 1804 296 1865; x_wconf 46' lang='lat' dir='ltr'><strong>„notatio</strong></span> <span class='ocrx_word' id='word_1_161' title='bbox 319 1818 467 1859; x_wconf 92' lang='lat' dir='ltr'><strong>neque</strong></span> <span class='ocrx_word' id='word_1_162' title='bbox 490 1805 615 1846; x_wconf 91' lang='lat' dir='ltr'><strong>docti</strong></span> <span class='ocrx_word' id='word_1_163' title='bbox 638 1805 886 1846; x_wconf 89' lang='lat' dir='ltr'><strong>admodum</strong></span> <span class='ocrx_word' id='word_1_164' title='bbox 911 1810 957 1846; x_wconf 91' lang='lat' dir='ltr'><strong>et</strong></span> <span class='ocrx_word' id='word_1_165' title='bbox 979 1804 1024 1846; x_wconf 94' lang='lat' dir='ltr'><strong>in</strong></span> <span class='ocrx_word' id='word_1_166' title='bbox 1047 1805 1288 1846; x_wconf 90' lang='lat' dir='ltr'><strong>scribendo</strong></span> <span class='ocrx_word' id='word_1_167' title='bbox 1313 1819 1472 1859; x_wconf 89' lang='lat' dir='ltr'><strong>parurn</strong></span> <span class='ocrx_word' id='word_1_168' title='bbox 1491 1805 1724 1860; x_wconf 89' lang='lat' dir='ltr'><strong>elegantis.</strong></span> 
     </span>
    </p>
   </div>
   <div class='ocr_carea' id='block_1_11' title="bbox 120 1884 1729 2502">
    <p class='ocr_par' dir='ltr' id='par_1_14' title="bbox 120 1884 1725 2099">
     <span class='ocr_line' id='line_1_22' title="bbox 181 1884 1725 1940; baseline 0.001 -13"><span class='ocrx_word' id='word_1_169' title='bbox 181 1885 240 1927; x_wconf 91' lang='lat' dir='ltr'><strong>H.</strong></span> <span class='ocrx_word' id='word_1_170' title='bbox 269 1885 351 1936; x_wconf 92' lang='lat' dir='ltr'><strong>III,</strong></span> <span class='ocrx_word' id='word_1_171' title='bbox 379 1897 452 1940; x_wconf 89' lang='lat'><strong>49.</strong></span> <span class='ocrx_word' id='word_1_172' title='bbox 486 1885 634 1938; x_wconf 87' lang='lat' dir='ltr'><strong>„Dum</strong></span> <span class='ocrx_word' id='word_1_173' title='bbox 662 1884 748 1926; x_wconf 89' lang='lat' dir='ltr'><strong>hac</strong></span> <span class='ocrx_word' id='word_1_174' title='bbox 775 1885 915 1926; x_wconf 88' lang='lat' dir='ltr'><strong>totius</strong></span> <span class='ocrx_word' id='word_1_175' title='bbox 943 1885 1065 1926; x_wconf 90' lang='lat' dir='ltr'><strong>orbis</strong></span> <span class='ocrx_word' id='word_1_176' title='bbox 1093 1885 1329 1926; x_wconf 91' lang='lat' dir='ltr'><strong>nutatione</strong></span> <span class='ocrx_word' id='word_1_177' title='bbox 1348 1885 1530 1927; x_wconf 86' lang='lat' dir='ltr'><strong>fortuna</strong></span> <span class='ocrx_word' id='word_1_178' title='bbox 1547 1886 1725 1940; x_wconf 92' lang='lat' dir='ltr'><strong>imperii</strong></span> 
     </span>
     <span class='ocr_line' id='line_1_23' title="bbox 120 1965 1722 2020; baseline -0.001 -12"><span class='ocrx_word' id='word_1_179' title='bbox 120 1966 296 2016; x_wconf 90' lang='lat' dir='ltr'><strong>transit,</strong></span> <span class='ocrx_word' id='word_1_180' title='bbox 331 1965 504 2008; x_wconf 89' lang='lat' dir='ltr'><strong>Primus</strong></span> <span class='ocrx_word' id='word_1_181' title='bbox 538 1966 769 2007; x_wconf 91' lang='lat' dir='ltr'><strong>Antonius</strong></span> <span class='ocrx_word' id='word_1_182' title='bbox 802 1979 1091 2019; x_wconf 89' lang='lat' dir='ltr'><strong>nequaquam</strong></span> <span class='ocrx_word' id='word_1_183' title='bbox 1124 1967 1221 2019; x_wconf 91' lang='lat' dir='ltr'><strong>pari</strong></span> <span class='ocrx_word' id='word_1_184' title='bbox 1253 1965 1514 2007; x_wconf 89' lang='lat' dir='ltr'><strong>innocentia</strong></span> <span class='ocrx_word' id='word_1_185' title='bbox 1542 1966 1722 2020; x_wconf 91' lang='lat' dir='ltr'><strong>agebat,</strong></span> 
     </span>
     <span class='ocr_line' id='line_1_24' title="bbox 121 2045 1441 2099; baseline -0.002 -11"><span class='ocrx_word' id='word_1_186' title='bbox 121 2046 404 2089; x_wconf 86' lang='lat' dir='ltr'><strong>satisfactum</strong></span> <span class='ocrx_word' id='word_1_187' title='bbox 437 2046 559 2088; x_wconf 94' lang='lat' dir='ltr'><strong>bello</strong></span> <span class='ocrx_word' id='word_1_188' title='bbox 586 2046 716 2088; x_wconf 84' lang='lat' dir='ltr'><strong>&#39;ratus</strong></span> <span class='ocrx_word' id='word_1_189' title='bbox 749 2052 795 2087; x_wconf 89' lang='lat' dir='ltr'><strong>et</strong></span> <span class='ocrx_word' id='word_1_190' title='bbox 828 2052 980 2087; x_wconf 90' lang='lat' dir='ltr'><strong>cetera</strong></span> <span class='ocrx_word' id='word_1_191' title='bbox 1011 2059 1070 2087; x_wconf 92' lang='lat' dir='ltr'><strong>ex</strong></span> <span class='ocrx_word' id='word_1_192' title='bbox 1102 2045 1221 2087; x_wconf 90' lang='lat' dir='ltr'><strong>facili</strong></span> <span class='ocrx_word' id='word_1_193' title='bbox 1257 2059 1294 2086; x_wconf 92' lang='lat' dir='ltr'><strong>e.</strong></span> <span class='ocrx_word' id='word_1_194' title='bbox 1314 2059 1358 2099; x_wconf 92' lang='lat' dir='ltr'><strong>q.</strong></span> <span class='ocrx_word' id='word_1_195' title='bbox 1378 2045 1441 2086; x_wconf 89' lang='lat' dir='ltr'><strong>s.”</strong></span> 
     </span>
    </p>

    <p class='ocr_par' dir='ltr' id='par_1_15' title="bbox 122 2125 1729 2502">
     <span class='ocr_line' id='line_1_25' title="bbox 182 2125 1724 2181; baseline 0 -13"><span class='ocrx_word' id='word_1_196' title='bbox 182 2125 464 2176; x_wconf 90' lang='lat' dir='ltr'><strong>Sermonem,</strong></span> <span class='ocrx_word' id='word_1_197' title='bbox 508 2132 557 2167; x_wconf 91' lang='lat' dir='ltr'><strong>ut</strong></span> <span class='ocrx_word' id='word_1_198' title='bbox 594 2126 771 2181; x_wconf 90' lang='lat' dir='ltr'><strong>opinor,</strong></span> <span class='ocrx_word' id='word_1_199' title='bbox 806 2139 940 2166; x_wconf 91' lang='lat' dir='ltr'><strong>nemo</strong></span> <span class='ocrx_word' id='word_1_200' title='bbox 974 2125 1046 2166; x_wconf 93' lang='lat' dir='ltr'><strong>hic</strong></span> <span class='ocrx_word' id='word_1_201' title='bbox 1079 2125 1372 2179; x_wconf 79' lang='lat' dir='ltr'><strong>improbabit,</strong></span> <span class='ocrx_word' id='word_1_202' title='bbox 1407 2126 1464 2167; x_wconf 93' lang='lat' dir='ltr'><strong>de</strong></span> <span class='ocrx_word' id='word_1_203' title='bbox 1496 2127 1724 2168; x_wconf 89' lang='lat' dir='ltr'><strong>sententia</strong></span> 
     </span>
     <span class='ocr_line' id='line_1_26' title="bbox 122 2205 1728 2260; baseline -0.001 -12"><span class='ocrx_word' id='word_1_204' title='bbox 122 2219 258 2248; x_wconf 91' lang='lat' dir='ltr'><strong>nemo</strong></span> <span class='ocrx_word' id='word_1_205' title='bbox 285 2206 538 2256; x_wconf 91' lang='lat' dir='ltr'><strong>dubitabit;</strong></span> <span class='ocrx_word' id='word_1_206' title='bbox 568 2206 831 2260; x_wconf 88' lang='lat' dir='ltr'><strong>planissima</strong></span> <span class='ocrx_word' id='word_1_207' title='bbox 859 2206 979 2246; x_wconf 92' lang='lat' dir='ltr'><strong>enim</strong></span> <span class='ocrx_word' id='word_1_208' title='bbox 1007 2210 1111 2246; x_wconf 88' lang='lat' dir='ltr'><strong>sunt</strong></span> <span class='ocrx_word' id='word_1_209' title='bbox 1139 2206 1305 2246; x_wconf 87' lang='lat' dir='ltr'><strong>omnia.</strong></span> <span class='ocrx_word' id='word_1_210' title='bbox 1340 2205 1506 2246; x_wconf 90' lang='lat' dir='ltr'><strong>Verbis</strong></span> <span class='ocrx_word' id='word_1_211' title='bbox 1534 2220 1728 2260; x_wconf 89' lang='lat' dir='ltr'><strong>„nequa-</strong></span> 
     </span>
     <span class='ocr_line' id='line_1_27' title="bbox 123 2285 1728 2342; baseline 0 -14"><span class='ocrx_word' id='word_1_212' title='bbox 123 2300 260 2341; x_wconf 89' lang='lat' dir='ltr'><strong>quam</strong></span> <span class='ocrx_word' id='word_1_213' title='bbox 303 2287 400 2342; x_wconf 89' lang='lat' dir='ltr'><strong>pari</strong></span> <span class='ocrx_word' id='word_1_214' title='bbox 442 2287 706 2328; x_wconf 91' lang='lat' dir='ltr'><strong>innocentia</strong></span> <span class='ocrx_word' id='word_1_215' title='bbox 748 2285 944 2340; x_wconf 90' lang='lat' dir='ltr'><strong>agebat’&#39;</strong></span> <span class='ocrx_word' id='word_1_216' title='bbox 988 2286 1245 2327; x_wconf 90' lang='lat' dir='ltr'><strong>Antonium</strong></span> <span class='ocrx_word' id='word_1_217' title='bbox 1290 2286 1512 2327; x_wconf 83' lang='lat' dir='ltr'><strong>victorem</strong></span> <span class='ocrx_word' id='word_1_218' title='bbox 1555 2286 1645 2327; x_wconf 85' lang='lat' dir='ltr'><strong>iam</strong></span> <span class='ocrx_word' id='word_1_219' title='bbox 1683 2292 1728 2328; x_wconf 90' lang='lat' dir='ltr'><strong>et</strong></span> 
     </span>
     <span class='ocr_line' id='line_1_28' title="bbox 122 2366 1728 2422; baseline -0.001 -13"><span class='ocrx_word' id='word_1_220' title='bbox 122 2367 222 2409; x_wconf 91' lang='lat' dir='ltr'><strong>urbi</strong></span> <span class='ocrx_word' id='word_1_221' title='bbox 254 2367 703 2422; x_wconf 90' lang='lat' dir='ltr'><strong>appropinquantem</strong></span> <span class='ocrx_word' id='word_1_222' title='bbox 737 2380 840 2408; x_wconf 89' lang='lat' dir='ltr'><strong>curn</strong></span> <span class='ocrx_word' id='word_1_223' title='bbox 869 2380 923 2407; x_wconf 93' lang='lat' dir='ltr'><strong>eo</strong></span> <span class='ocrx_word' id='word_1_224' title='bbox 952 2366 1160 2407; x_wconf 83' lang='lat' dir='ltr'><strong>Antonio</strong></span> <span class='ocrx_word' id='word_1_225' title='bbox 1187 2366 1454 2420; x_wconf 89' lang='lat' dir='ltr'><strong>comparari,</strong></span> <span class='ocrx_word' id='word_1_226' title='bbox 1485 2367 1561 2420; x_wconf 92' lang='lat' dir='ltr'><strong>qui</strong></span> <span class='ocrx_word' id='word_1_227' title='bbox 1590 2367 1728 2408; x_wconf 90' lang='lat' dir='ltr'><strong>modo</strong></span> 
     </span>
     <span class='ocr_line' id='line_1_29' title="bbox 124 2446 1729 2502; baseline 0 -14"><span class='ocrx_word' id='word_1_228' title='bbox 124 2461 149 2488; x_wconf 93' lang='lat' dir='ltr'><strong>e</strong></span> <span class='ocrx_word' id='word_1_229' title='bbox 192 2448 427 2502; x_wconf 89' lang='lat' dir='ltr'><strong>provincia</strong></span> <span class='ocrx_word' id='word_1_230' title='bbox 459 2462 540 2489; x_wconf 89' lang='lat' dir='ltr'><strong>sua</strong></span> <span class='ocrx_word' id='word_1_231' title='bbox 571 2453 720 2489; x_wconf 87' lang='lat' dir='ltr'><strong>castra</strong></span> <span class='ocrx_word' id='word_1_232' title='bbox 753 2447 960 2496; x_wconf 90' lang='lat' dir='ltr'><strong>moverit,</strong></span> <span class='ocrx_word' id='word_1_233' title='bbox 996 2446 1143 2500; x_wconf 90' lang='lat' dir='ltr'><strong>quivis</strong></span> <span class='ocrx_word' id='word_1_234' title='bbox 1175 2446 1330 2487; x_wconf 88' lang='lat' dir='ltr'><strong>statim</strong></span> <span class='ocrx_word' id='word_1_235' title='bbox 1366 2446 1590 2500; x_wconf 85' lang='lat' dir='ltr'><strong>intelligit.</strong></span> <span class='ocrx_word' id='word_1_236' title='bbox 1637 2446 1729 2489; x_wconf 88' lang='lat' dir='ltr'><strong>Sed</strong></span> 
     </span>
    </p>
   </div>
   <div class='ocr_carea' id='block_1_12' title="bbox 51 2526 1730 2583">
    <p class='ocr_par' dir='ltr' id='par_1_16' title="bbox 51 2526 1730 2583">
     <span class='ocr_line' id='line_1_30' title="bbox 51 2526 1730 2583; baseline -0.002 -12"><span class='ocrx_word' id='word_1_237' title='bbox 51 2561 57 2566; x_wconf 35' lang='lat' dir='ltr'>f</span> <span class='ocrx_word' id='word_1_238' title='bbox 125 2529 278 2570; x_wconf 88' lang='lat' dir='ltr'><strong>omnia</strong></span> <span class='ocrx_word' id='word_1_239' title='bbox 319 2528 521 2583; x_wconf 90' lang='lat' dir='ltr'><strong>corrupit</strong></span> <span class='ocrx_word' id='word_1_240' title='bbox 562 2528 783 2577; x_wconf 89' lang='lat' dir='ltr'><strong>librarius,</strong></span> <span class='ocrx_word' id='word_1_241' title='bbox 828 2527 904 2581; x_wconf 93' lang='lat' dir='ltr'><strong>qui</strong></span> <span class='ocrx_word' id='word_1_242' title='bbox 949 2527 994 2567; x_wconf 93' lang='lat' dir='ltr'><strong>in</strong></span> <span class='ocrx_word' id='word_1_243' title='bbox 1038 2531 1216 2567; x_wconf 89' lang='lat' dir='ltr'><strong>textum</strong></span> <span class='ocrx_word' id='word_1_244' title='bbox 1260 2526 1491 2567; x_wconf 89' lang='lat' dir='ltr'><strong>transtulit</strong></span> <span class='ocrx_word' id='word_1_245' title='bbox 1523 2526 1730 2568; x_wconf 88' lang='lat' dir='ltr'><strong>inutilem</strong></span> 
     </span>
    </p>
   </div>
   <div class='ocr_carea' id='block_1_13' title="bbox 124 2606 1767 2824">
    <p class='ocr_par' dir='ltr' id='par_1_17' title="bbox 124 2606 1767 2824">
     <span class='ocr_line' id='line_1_31' title="bbox 124 2606 1731 2663; baseline -0.002 -13"><span class='ocrx_word' id='word_1_246' title='bbox 124 2609 471 2650; x_wconf 89' lang='lat' dir='ltr'><strong>annotationem</strong></span> <span class='ocrx_word' id='word_1_247' title='bbox 504 2615 608 2663; x_wconf 85' lang='lat' dir='ltr'><strong>post</strong></span> <span class='ocrx_word' id='word_1_248' title='bbox 653 2607 928 2656; x_wconf 79' lang='lat' dir='ltr'><strong>Cremonam,</strong></span> <span class='ocrx_word' id='word_1_249' title='bbox 973 2619 1111 2660; x_wconf 91' lang='lat' dir='ltr'><strong>quam</strong></span> <span class='ocrx_word' id='word_1_250' title='bbox 1144 2606 1447 2660; x_wconf 90' lang='lat' dir='ltr'><strong>adscripserat</strong></span> <span class='ocrx_word' id='word_1_251' title='bbox 1479 2606 1640 2660; x_wconf 90' lang='lat' dir='ltr'><strong>aliquis</strong></span> <span class='ocrx_word' id='word_1_252' title='bbox 1672 2606 1731 2647; x_wconf 89' lang='lat' dir='ltr'><strong>ad</strong></span> 
     </span>
     <span class='ocr_line' id='line_1_32' title="bbox 126 2685 1731 2742; baseline -0.002 -12"><span class='ocrx_word' id='word_1_253' title='bbox 126 2687 392 2730; x_wconf 87' lang='lat' dir='ltr'><strong>illustranda</strong></span> <span class='ocrx_word' id='word_1_254' title='bbox 435 2688 574 2730; x_wconf 93' lang='lat' dir='ltr'><strong>verba</strong></span> <span class='ocrx_word' id='word_1_255' title='bbox 615 2688 901 2742; x_wconf 79' lang='lat' dir='ltr'><strong>satisfactum</strong></span> <span class='ocrx_word' id='word_1_256' title='bbox 941 2686 1047 2728; x_wconf 82' lang='lat' dir='ltr'><em>bello</em></span> <span class='ocrx_word' id='word_1_257' title='bbox 1089 2688 1232 2728; x_wconf 68' lang='lat' dir='ltr'><strong>ratus.</strong></span> <span class='ocrx_word' id='word_1_258' title='bbox 1290 2685 1418 2740; x_wconf 83' lang='lat' dir='ltr'><strong>Quae</strong></span> <span class='ocrx_word' id='word_1_259' title='bbox 1462 2700 1582 2728; x_wconf 90' lang='lat' dir='ltr'><strong>nunc</strong></span> <span class='ocrx_word' id='word_1_260' title='bbox 1624 2692 1731 2727; x_wconf 93' lang='lat' dir='ltr'><strong>ante</strong></span> 
     </span>
     <span class='ocr_line' id='line_1_33' title="bbox 126 2756 1767 2824; baseline -0.002 -13"><span class='ocrx_word' id='word_1_261' title='bbox 126 2769 286 2824; x_wconf 84' lang='lat' dir='ltr'><strong>agebat</strong></span> <span class='ocrx_word' id='word_1_262' title='bbox 325 2768 500 2824; x_wconf 87' lang='lat' dir='ltr'><strong>legitur,</strong></span> <span class='ocrx_word' id='word_1_263' title='bbox 535 2769 611 2810; x_wconf 93' lang='lat' dir='ltr'><strong>ubi</strong></span> <span class='ocrx_word' id='word_1_264' title='bbox 646 2767 769 2809; x_wconf 91' lang='lat' dir='ltr'><strong>nullo</strong></span> <span class='ocrx_word' id='word_1_265' title='bbox 803 2768 942 2808; x_wconf 91' lang='lat' dir='ltr'><strong>modo</strong></span> <span class='ocrx_word' id='word_1_266' title='bbox 975 2766 1077 2808; x_wconf 87' lang='lat' dir='ltr'><strong>ferri</strong></span> <span class='ocrx_word' id='word_1_267' title='bbox 1111 2767 1269 2821; x_wconf 89' lang='lat' dir='ltr'><strong>possit.</strong></span> <span class='ocrx_word' id='word_1_268' title='bbox 1315 2767 1431 2822; x_wconf 90' lang='lat' dir='ltr'><strong>Age,</strong></span> <span class='ocrx_word' id='word_1_269' title='bbox 1466 2767 1586 2808; x_wconf 89' lang='lat' dir='ltr'><strong>clara</strong></span> <span class='ocrx_word' id='word_1_270' title='bbox 1619 2780 1731 2809; x_wconf 91' lang='lat' dir='ltr'><strong>voce</strong></span> <span class='ocrx_word' id='word_1_271' title='bbox 1764 2756 1767 2758; x_wconf 66' lang='lat'>‚</span> 
     </span>
    </p>
   </div>
   <div class='ocr_carea' id='block_1_14' title="bbox 153 2881 415 2887">
    <p class='ocr_par' dir='ltr' id='par_1_18' title="bbox 153 2881 415 2887">
     <span class='ocr_line' id='line_1_34' title="bbox 153 2881 415 2887; baseline 0 0"><span class='ocrx_word' id='word_1_272' title='bbox 153 2881 415 2887; x_wconf 95' lang='lat' dir='ltr'><strong> </strong></span> 
     </span>
    </p>
   </div>
   <div class='ocr_carea' id='block_1_15' title="bbox 181 2943 759 2988">
    <p class='ocr_par' dir='ltr' id='par_1_19' title="bbox 181 2943 759 2988">
     <span class='ocr_line' id='line_1_35' title="bbox 181 2943 759 2988; baseline -0.003 -13"><span class='ocrx_word' id='word_1_273' title='bbox 181 2943 216 2988; x_wconf 90' lang='lat'><strong>1)</strong></span> <span class='ocrx_word' id='word_1_274' title='bbox 240 2943 420 2987; x_wconf 71' lang='lat' dir='ltr'><strong>Namque:</strong></span> <span class='ocrx_word' id='word_1_275' title='bbox 447 2943 576 2986; x_wconf 89' lang='lat' dir='ltr'><strong>ecquid</strong></span> <span class='ocrx_word' id='word_1_276' title='bbox 602 2943 759 2985; x_wconf 82' lang='lat' dir='ltr'><strong>iamque?</strong></span> 
     </span>
    </p>
   </div>
   <div class='ocr_carea' id='block_1_16' title="bbox 1548 3018 1591 3051">
    <p class='ocr_par' dir='ltr' id='par_1_20' title="bbox 1548 3018 1591 3051">
     <span class='ocr_line' id='line_1_36' title="bbox 1548 3018 1591 3051; baseline 0 0"><span class='ocrx_word' id='word_1_277' title='bbox 1548 3018 1591 3051; x_wconf 91' lang='lat'><strong>14</strong></span> 
     </span>
    </p>
   </div>
   <div class='ocr_carea' id='block_1_17' title="bbox 0 535 126 3412">
    <p class='ocr_par' dir='ltr' id='par_1_21' title="bbox 0 535 126 3412">
     <span class='ocr_line' id='line_1_37' title="bbox 0 535 126 3412; baseline 0 0"><span class='ocrx_word' id='word_1_278' title='bbox 0 535 126 3412; x_wconf 95' lang='lat' dir='ltr'><strong> </strong></span> 
     </span>
    </p>
   </div>
  </div>
 </body>
</html>
