2040 3412
871 269 950 314 107

170 374 228 416 H.
263 375 344 424 III,
376 386 448 430 47.
479 376 645 426 Naves,
672 377 836 431 quibus
866 379 996 420 Ponti
1025 366 1206 421 accolae
1234 384 1432 429 utuntur,
1461 380 1524 421 sic
1542 380 1707 421 des:ri-

109 454 301 498 buntur:

173 534 413 589 „Camaras
447 542 629 586 vocant,
664 538 773 579 artis
805 538 1021 580 lateribus
1053 539 1192 581 latam
1226 540 1376 582 alvum
1404 540 1500 581 sine
1527 540 1708 582 vinculo

108 615 225 657 aeris
257 621 334 657 aut
367 615 469 657 ferri
503 630 750 664 conexam;
785 623 831 659 et
863 619 1040 660 tumido
1069 621 1194 669 mari,
1224 626 1359 674 prout
1386 620 1547 662 fluctus
1574 620 1708 662 attol-

105 695 227 746 litur,
271 710 447 738 summa
486 698 668 739 navium
703 698 869 740 tabulis
902 705 1083 753 augent,
1118 701 1266 741 donec
1299 702 1344 742 in
1379 701 1564 742 modum
1598 701 1708 742 tecti

105 774 416 818 claudantur”.
459 790 474 797 ³

167 856 304 898 Haud
349 857 486 899 dubie
529 858 835 912 Nipperdeius
867 873 1026 900 sanum
1059 859 1209 901 locum
1243 862 1442 916 corrupit
1476 875 1559 915 pro
1590 861 1708 903 artis

105 934 303 990 legendo
350 937 468 979 altis.
519 937 639 978 Nam
688 927 824 992 paulo
872 939 1058 992 quidem
1107 925 1340 982 obscurius
1387 941 1587 995 loquitur
1634 941 1705 982 hic

107 1014 293 1056 Tacitus
335 1015 398 1070 (et
440 1016 532 1058 fere
576 1017 769 1059 dixerim
814 1018 968 1073 inepte
1011 1007 1114 1060 eum
1158 1020 1312 1075 loqui),
1355 1022 1435 1062 sed
1480 1021 1588 1074 quid
1622 1020 1707 1062 sibi

107 1095 216 1137 velit
258 1101 412 1137 tamen
455 1111 538 1151 pro
576 1103 702 1139 certo
737 1099 960 1140 affirmare
990 1113 1243 1153 possumus.
1278 1101 1388 1142 Erat
1422 1100 1598 1141 illarum
1631 1114 1706 1141 na-

101 1174 229 1216 vium
271 1175 398 1217 alvus
439 1175 544 1226 lata,
586 1178 666 1218 sed
700 1178 1055 1232 imponebantur
1087 1179 1190 1220 alvo
1223 1179 1406 1221 tabulae
1439 1194 1610 1234 pronae
1644 1181 1708 1221 ita

0 1235 6 1266 ²⁵
56 1271 58 1273 ’
105 1260 155 1297 ut
201 1257 398 1310 spatium
448 1258 569 1311 quod
621 1258 739 1299 inter
781 1259 995 1300 dexteras
1037 1265 1082 1300 et
1125 1260 1327 1301 sinistras
1369 1266 1487 1301 esset
1529 1261 1707 1302 tabulas

105 1349 285 1391 semper
313 1336 441 1378 fieret
468 1338 724 1392 a·ngustius;
754 1339 878 1392 quod
907 1339 1053 1381 latera
1083 1340 1125 1394 (i.
1145 1354 1183 1381 e.
1201 1328 1395 1395 tabulas)
1414 1355 1532 1382 nunc
1556 1341 1706 1394 „arta”

106 1421 255 1466 vocat,
299 1417 625 1459 subridiculum
668 1419 854 1472 quidem
897 1425 978 1468 est,
1023 1420 1102 1461 sed
1146 1434 1237 1474 quo
1281 1434 1414 1462 sensu
1447 1421 1523 1462 illo
1556 1427 1708 1463 utatur

106 1496 335 1538 adiectivo
368 1498 593 1539 coniicere
626 1498 670 1539 in
700 1504 916 1553 promptu
946 1505 1026 1540 est.
1056 1500 1254 1541 Tumido
1281 1506 1434 1542 autem
1464 1502 1588 1551 mari,
1615 1515 1705 1555 quo

107 1575 290 1617 altiores
324 1576 495 1618 fiebant
524 1576 686 1618 fluctus
714 1591 769 1619 eo
797 1578 947 1632 plures
975 1579 1156 1620 tabulae
1186 1580 1352 1621 tabulis
1369 1582 1710 1635 superimpone-

108 1655 274 1698 bantur
316 1662 362 1698 et
403 1658 601 1712 spatium
644 1658 753 1699 illud
797 1646 941 1712 magis
979 1660 1212 1714 magisque
1246 1661 1529 1714 coartabant,
1562 1662 1709 1702 donec

0 1740 7 1786 ζ
51 1749 53 1751 ·
100 1737 292 1778 ῒειηείεῐῐι
320 1737 566 1791 aliquando
593 1743 742 1779 totum
763 1739 994 1793 navigium
1013 1744 1247 1793 tamquam
1266 1746 1389 1781 tecto
1409 1740 1707 1782 clauderetur.

104 1814 240 1869 Quod
282 1822 436 1858 autem
478 1832 688 1859 camaras
729 1819 992 1872 appositum
1037 1819 1176 1861 habet
1208 1820 1359 1861 alvum
1393 1834 1629 1862 connexam
1663 1822 1706 1862 in

102 1908 157 1936 eo
190 1895 369 1938 molesti
403 1903 471 1939 est
504 1898 627 1939 nihil.

163 1976 222 2018 H.
257 1977 338 2027 III,
371 1990 443 2033 49.
488 1978 731 2029 Antonius,
777 1980 946 2021 bellum
991 1981 1079 2022 iam
1125 1986 1360 2035 peractum
1403 1986 1539 2030 ratus,
1580 1982 1703 2035 quod

102 2056 211 2098 boni
244 2058 302 2098 sit
335 2058 463 2100 ducis
496 2059 693 2101 officium
728 2060 1031 2102 obliviscitur:

168 2142 333 2191 „utque
375 2137 559 2180 licentia
602 2139 791 2181 militem
835 2141 1073 2190 imbueret,
1107 2141 1447 2183 interfectorum
1481 2143 1704 2184 centurio-

104 2230 212 2259 num
245 2219 427 2260 ordines
459 2219 715 2274 legionibus
747 2220 996 2262 offerebat”
1030 2223 1056 2262 i.
1077 2236 1114 2263 e.
1148 2236 1252 2263 suos
1285 2222 1369 2263 sibi
1403 2222 1568 2276 eligere
1602 2237 1704 2264 cen-

102 2298 303 2340 turiones
335 2300 552 2353 permisit,
588 2302 977 2354 quemadmodum
1011 2308 1203 2356 apparet
1235 2316 1293 2343 ex
1322 2303 1378 2343 iis
1404 2317 1520 2356 quae
1548 2304 1703 2344 statim

101 2384 372 2432 sequuntur:
422 2394 502 2432 „eo
545 2380 758 2435 suffragio
800 2381 1134 2423 turbidissimus
1172 2383 1363 2436 quisque
1396 2382 1584 2433 delecti3
1620 2397 1703 2425 nec

102 2459 230 2501 miles
271 2461 317 2501 in
359 2461 547 2502 arbitrio
591 2462 772 2512 ducum,
805 2463 885 2504 sed
920 2464 1059 2504 duces
1092 2463 1273 2505 militari
1307 2463 1523 2505 violentia
1555 2464 1703 2505 trahe-

99 2539 308 2582 bantur”.
354 2541 595 2583 Vocabula
640 2542 824 2583 minime
867 2543 1102 2597 ambigua3
1147 2544 1228 2585 sed
1273 2557 1389 2597 quae
1422 2557 1540 2584 nunc
1572 2545 1701 2585 addit

99 2619 284 2661 Tacitus
312 2620 460 2662 minus
487 2627 697 2662 accurate
725 2621 955 2675 legentem
983 2624 1158 2677 possint
1183 2624 1398 2664 inducere
1417 2624 1460 2664 in
1480 2636 1699 2664 errorem:

104 2712 246 2753 „quae
273 2701 491 2742 seditiosa
518 2706 563 2742 et
591 2703 952 2756 corrumpendae
982 2702 1247 2757 disciplinae
1277 2717 1385 2744 mox
1412 2703 1457 2743 in
1483 2703 1700 2757 praedam

99 2779 354 2821 vertebat”.
398 2781 503 2821 Noli
547 2787 707 2835 putare
752 2795 809 2822 ex
852 2782 951 2836 ipso
997 2782 1072 2824 illo
1106 2783 1374 2836 pravissimo
1407 2782 1609 2832 consilio,
1644 2784 1701 2825 de

102 2872 192 2913 quo
235 2859 455 2902 hactenus
498 2866 567 2902 est
610 2866 853 2910 narratum,
898 2861 1008 2903 lucri
1041 2862 1211 2917 aliquid
1245 2863 1520 2917 quaesivisse
1555 2863 1701 2904 Anto-

101 2939 240 2989 nium,
282 2939 388 2981 licet
433 2941 573 2982 verba
616 2942 661 2982 z'n
695 2942 917 2997 praedam
959 2943 1159 2985 vertebat
1189 2943 1336 2996 primo
1371 2948 1557 2998 aspectu
1591 2943 1699 2984 illud
