2040 3412
902 324 987 379 269

147 433 256 476 dum
283 435 352 477 his
378 442 455 478 aut
484 437 570 480 illis
600 441 751 482 studia
785 441 978 484 militurn
1010 444 1330 499 adgregantur,
1366 432 1509 501 prope
1542 448 1587 489 in
1621 463 1751 503 proe-

144 513 254 556 lium
297 529 517 567 exarsere,
560 519 604 560 ni
639 519 811 562 Valens
853 523 1248 566 animadversione
1291 539 1540 580 paucorum
1584 529 1752 571 oblitos

143 593 233 637 iam
267 595 464 638 Batavos
496 597 674 653 imperii
708 601 1064 645 admonuisset.”

203 674 388 717 Praeter
413 676 610 720 Batavos
637 685 684 721 et
710 679 983 736 legionarios
1010 684 1055 725 in
1085 683 1295 727 Valentis
1322 688 1524 728 exercitu
1544 693 1622 729 aut
1640 689 1747 731 nulli

143 753 324 798 fuerunt
365 756 532 799 milites
570 765 649 801 aut
680 761 930 804 admodum
965 765 1095 818 pauci
1130 765 1188 820 (V·
1218 779 1254 807 C·
1293 776 1348 821 59
1380 772 1426 808 et
1459 768 1546 822 64)·
1589 768 1747 823 Atque

141 835 227 877 hae
269 849 388 878 nunc
432 839 658 881 exercitus
701 847 853 896 partes
887 857 1032 898 paene
1066 845 1183 886 inter
1214 859 1262 886 se
1297 860 1455 888 manus
1488 855 1746 891 conserunt.

139 913 322 970 Quaero
349 918 426 972 qui
454 919 587 961 nobis
616 927 852 974 praeterea
879 923 952 965 hic
980 925 1213 979 cogitandi
1243 927 1333 967 sint
1360 927 1533 978 milites,
1553 943 1746 983 quorum

143 996 319 1049 „studia
361 1000 694 1054 aggregantur”
737 1002 1004 1046 rixantibus.
1055 1005 1215 1066 Nullos
1260 1007 1458 1058 invenio,
1501 1010 1581 1051 sed
1625 1010 1744 1052 istud

137 1075 331 1119 militum
358 1077 403 1119 in
431 1078 544 1121 alius
572 1081 782 1124 vocabuli
811 1082 963 1125 locum
991 1085 1222 1139 irrepsisse
1252 1100 1432 1137 censeO,
1456 1094 1566 1142 puta
1583 1090 1744 1132 civium

136 1155 210 1198 vel
251 1158 533 1212 municipum,
574 1174 691 1215 quae
732 1163 954 1205 vocabula
987 1170 1033 1206 et
1066 1165 1171 1206 ideo
1205 1167 1348 1221 magis
1382 1168 1469 1209 huc
1503 1170 1743 1223 quadrant,

135 1237 352 1291 quoniam
396 1239 562 1281 milites
604 1243 756 1296 potius
799 1250 845 1285 et
879 1245 1000 1299 ipsos
1034 1246 1078 1287 in
1112 1247 1335 1288 eiusmodi
1369 1250 1618 1291 certamine
1650 1251 1743 1305 gla-

135 1316 236 1359 dios
277 1318 558 1374 destringere
602 1329 960 1366 consentaneum
1004 1331 1085 1376 est,
1129 1333 1175 1368 at
1217 1329 1367 1370 studia
1411 1330 1553 1384 magis
1596 1332 1741 1373 otiose

133 1398 412 1441 adstantium
446 1406 492 1442 et
524 1415 704 1457 pugnae
739 1405 912 1446 exitum
945 1407 1250 1460 spectantium
1283 1414 1402 1450 sunt.

193 1537 252 1580 H.
286 1539 319 1588 I,
355 1540 424 1594 83.
458 1540 775 1584 Praetorianos
809 1558 891 1598 pro
924 1545 1063 1599 ipsius
1096 1546 1240 1588 salute
1275 1548 1408 1589 nimis
1440 1549 1658 1592 sollicitos
1692 1557 1738 1592 et

132 1618 230 1660 aliis
260 1621 541 1674 argumentis
574 1622 725 1676 placat
758 1623 883 1665 Otho
917 1631 967 1683 et
996 1625 1107 1668 hoc:

197 1699 346 1753 „Imus
376 1701 435 1742 ad
470 1701 639 1744 bellurn
674 1736 683 1744 .
704 1736 713 1744 .
735 1736 744 1745 .
778 1704 855 1746 An
888 1711 935 1747 et
967 1706 1057 1748 illic
1090 1713 1225 1748 nocte
1257 1709 1534 1764 intempesta
1561 1711 1738 1765 rapien-

11 1788 44 1834 ‘J
106 1783 204 1821 rtur
233 1779 383 1822 arma?
418 1781 548 1824 Unus
581 1783 752 1826 alterve
786 1786 991 1839 perditus
1023 1801 1075 1828 ac
1107 1788 1385 1830 temulentus
1418 1789 1582 1844 (neque
1615 1792 1737 1833 enim

127 1858 279 1914 plures
301 1863 670 1905 consternatione
689 1866 897 1919 proxima
915 1866 1133 1909 insanisse
1152 1869 1439 1924 crediderim)
1459 1873 1736 1913 centurionis

126 1953 180 1982 ac
212 1940 381 1983 tribuni
415 1944 634 1997 sanguine
668 1958 827 1987 manus
860 1946 1048 1997 imbuet,
1078 1948 1365 2002 imperatoris
1391 1951 1458 1991 sui
1486 1952 1734 1993 tentorium

127 2020 405 2076 irrumpet?”
431 2020 459 2077 ¹)

185 2101 441 2156 Imperator
483 2117 598 2145 unus
631 2110 712 2154 est,
746 2111 793 2146 et
825 2120 881 2147 ne
915 2106 1065 2160 plures
1098 2108 1284 2161 quidem
1318 2110 1508 2164 cogitari
1542 2119 1732 2166 possunt

125 2180 198 2222 vel
225 2181 270 2223 in
297 2183 502 2224 exercitu
530 2184 602 2225 vel
631 2185 675 2226 in
705 2185 951 2239 republica.
980 2187 1194 2229 Absurde
1223 2189 1360 2243 igitur
1387 2191 1518 2245 pauci
1545 2193 1730 2246 quidam

125 2260 290 2304 milites
324 2263 368 2303 in
402 2263 688 2318 imperatoris
719 2266 793 2306 suz‘
823 2267 1070 2308 tentorium
1104 2268 1352 2323 irrumpere
1386 2270 1629 2325 finguntur.
1663 2272 1730 2314 At

123 2341 243 2383 istud
285 2343 358 2384 sui
399 2349 504 2398 post
537 2345 710 2386 tribuni
740 2359 873 2399 pone,
909 2346 1210 2401 pulcherrime
1244 2351 1480 2392 enuntiata
1512 2353 1597 2393 erit
1629 2358 1728 2395 tota

122 2422 359 2476 periodos:
399 2424 701 2476 „centurionis
728 2439 780 2466 ac
808 2426 978 2467 tribuni
1005 2428 1072 2468 sui
1099 2429 1317 2482 sanguine
1348 2444 1507 2472 manus
1535 2432 1724 2483 imbuet,

121 2501 407 2557 imperatoris
439 2505 689 2547 tentorium
722 2506 986 2561 irrumpet.”
1021 2508 1175 2562 Ipsum
1208 2508 1317 2550 illud
1350 2512 1473 2564 quod
1506 2513 1724 2555 traditum

119 2588 188 2625 est
229 2583 346 2625 hanc
380 2585 512 2626 nobis
542 2587 946 2640 transpositionem
980 2590 1297 2640 commendat;
1332 2591 1377 2631 in
1410 2593 1568 2634 codice
1602 2595 1723 2635 enim

55 2670 57 2672 '
119 2676 209 2704 non
242 2664 414 2706 tribum·
443 2665 608 2720 legitur
639 2668 717 2708 sed
753 2667 957 2709 tribunis.
1016 2720 1019 2723 v

169 2837 203 2881 1)
236 2839 278 2870 In
303 2839 425 2872 codice
452 2840 501 2872 sic
527 2841 656 2884 legitur
678 2846 711 2874 et
737 2843 786 2874 sic
814 2843 982 2875 finiuntur
1007 2853 1145 2875 versus:

835 2925 940 2934 .....
955 2925 964 2943 ‚
991 2901 1140 2933 tribunis
1166 2912 1243 2933 san-

543 2958 649 3000 guine
675 2969 797 2991 manus
822 2959 956 2991 imbuet
981 2959 1200 3002 imperatoris
1226 2961 1278 2993 sui

114 3015 152 3044 ut
177 3011 279 3045 facile
306 3013 525 3056 intelligatur
546 3016 607 3058 qui
633 3016 761 3049 factum
789 3018 832 3049 sit
858 3022 896 3049 ut
921 3017 979 3049 sui
1003 3029 1021 3049 a
1048 3018 1130 3050 sede
1157 3029 1218 3050 sua
1245 3020 1429 3054 aberraret.
