2040 3412
891 304 974 349 129

254 414 402 471 ipsum
444 395 652 456 senatum
695 413 926 456 declarare
970 415 1014 457 in
1058 416 1219 457 senatu
1261 420 1355 458 tam
1389 429 1549 472 parurn
1581 420 1733 457 tutum

253 487 591 551 imperatorem,
619 499 670 536 ut
696 495 737 536 ei
764 495 991 550 praesidio
1018 509 1134 550 opus
1160 496 1218 538 sit
1243 502 1434 538 armato.
1462 495 1529 538 At
1550 500 1735 538 senator

197 563 363 638 J‘onius
404 575 459 640 in,
493 588 595 617 eam
639 576 914 617 sententiam
946 575 1207 618 declamans
1240 590 1388 631 neque
1420 575 1634 619 ridiculus
1665 581 1734 618 est

118 653 133 718 ’ᾗ
167 669 279 723 due
317 644 462 699 videri
506 655 626 697 vult:
667 655 967 711 perfidissima
999 657 1366 712 astutissimaque
1398 657 1734 699 insimulatione

278 749 448 792 paucos
474 741 708 777 senatores
734 741 971 790 suspectos
998 737 1189 779 reddere
1216 743 1263 779 et
1289 738 1334 779 in
1363 738 1484 780 vitae
1506 738 1734 780 adducere

110 799 201 877 '³¹3'
226 815 228 818 ’
252 817 372 860 'men
413 817 569 858 studet
610 821 661 858 ut
695 815 874 858 illorum
906 817 1106 871 pernicie
1140 824 1313 860 crescat
1346 818 1456 873 ipse.
1491 819 1625 860 Nunc
1658 819 1736 860 de-

208 910 255 942 m
280 902 473 954 apparet
499 910 637 952 quam
665 902 914 952 praestans,
943 910 1080 951 quam
1108 903 1217 953 apta
1245 899 1535 954 prudensque
1562 898 1734 940 Tiberii

203 961 271 1021 't'
304 977 522 1034 epistola„
555 990 694 1036 quam
738 977 874 1032 paulo
912 983 1016 1033 post
1048 977 1235 1020 Tacitus
1266 965 1611 1030 commemorat,
1644 993 1736 1034 qua

193 1072 222 1103 n
263 1058 415 1101 hercle
451 1052 591 1100 animi
623 1071 758 1100 causa
795 1058 1016 1112 „ludibria
1046 1058 1173 1101 seriis
1205 1060 1478 1115 permiscet³⁹
1511 1060 1734 1111 Tiberius,

211 1150 218 1172 ⁷
250 1139 308 1192 in,
337 1153 387 1182 re
426 1139 694 1195 gravissima
736 1140 899 1195 optimi
941 1140 1159 1196 principis
1199 1141 1479 1184 luculentum
1511 1141 1736 1196 simulque

210 1238 230 1255 ε’
282 1222 328 1263 m
354 1220 435 1262 dat
461 1220 802 1262 documentum.
831 1220 1069 1262 Postremo
1097 1221 1195 1276 ipsa
1217 1221 1293 1263 illa
1315 1221 1508 1277 epistola
1536 1221 1738 1263 declarat

211 1303 250 1354 t}v
279 1301 339 1344 de
380 1301 608 1357 praesidio
651 1300 838 1342 Tiberio
880 1301 1035 1343 dando
1076 1310 1254 1344 senatus
1284 1303 1528 1346 consultum
1551 1305 1734 1359 factum

212 1382 381 1438 (quid
408 1381 530 1424 enim
558 1381 643 1423 sibi
673 1380 857 1423 volebat
885 1381 973 1431 illa,
1003 1382 1038 1423 si
1068 1381 1178 1423 nihil
1206 1383 1263 1424 ad
1287 1383 1520 1425 Tiberium
1544 1384 1735 1426 relatum

90 1466 228 1526 &grat
266 1461 351 1504 nisi
383 1454 496 1504 hoc:
530 1475 664 1503 unum
695 1469 941 1503 senatorem
975 1463 1203 1504 censuisse
1236 1462 1346 1504 illud
1380 1469 1426 1505 et
1459 1478 1539 1519 per
1572 1462 1738 1507 deridi-

84 1539 283 1605 ‚aulum
330 1555 428 1584 esse
475 1542 681 1583 auditum
699 1540 731 1596 ἓ)
775 1547 915 1596 atque
958 1542 1106 1584 Taciti
1150 1544 1457 1586 narrationem
1500 1550 1596 1587 tam
1640 1559 1737 1587 esse

83 1605 149 1636 ‘⁸'
195 1621 445 1679 perfectam
477 1627 528 1664 ut
560 1635 694 1664 sensu
727 1635 854 1664 cassa
885 1623 1030 1664 videri
1063 1624 1220 1678 possit.

190 1702 416 1758 Denique,
444 1702 482 1744 si
510 1703 610 1758 quis
636 1702 778 1745 aniles
805 1697 953 1745 Taciti
981 1717 1124 1758 nugas
1151 1705 1208 1746 de
1235 1706 1558 1760 superstitione
1581 1720 1738 1761 quam-

225 1782 423 1826 absurda
448 1796 724 1838 cognoscere
752 1783 891 1840 cupit,
920 1784 957 1825 is
985 1783 1094 1826 mihi
1121 1783 1223 1826 libri
1252 1785 1320 1827 VI
1347 1785 1470 1840 legat
1497 1792 1635 1841 caput
1659 1798 1735 1829 22:

86 1859 348 1916 §dversus
379 1864 807 1906 mathematicorum
841 1863 1021 1906 fraudes
1052 1870 1147 1906 tam
1180 1879 1341 1920 parum
1374 1866 1554 1909 firmum
1585 1881 1633 1909 se
1661 1868 1740 1909 vix

80 1942 373 2009 qusquam
405 1958 606 2000 unquam
638 1945 865 2000 praestitit
897 1959 1034 1999 quam
1068 1946 1154 1987 hoc
1187 1946 1290 1988 loco
1318 1946 1624 1989 nobilissimus
1650 1948 1738 1990 his—

185 2025 303 2068 ricus
332 2030 501 2068 noster.
