2040 3412
879 274 961 318 109

55 435 60 442 ,Ἰ
173 383 279 425 Non
311 383 465 425 statim
497 389 688 438 apparet
717 383 829 426 haec
857 385 967 439 quid
995 384 1079 426 sibi
1107 381 1248 426 velint
1258 402 1268 436 ;
1297 385 1377 426 sed
1397 398 1443 426 re
1461 386 1714 428 accuratius

44 456 71 525 5]
113 476 338 520 perpensa
365 477 522 505 verum
549 462 636 504 loci
665 477 847 506 sensum
875 465 1132 519 perspicere
1152 464 1261 506 mihi
1280 465 1452 507 videor.
1472 465 1574 508 Hoc
1593 466 1715 508 enim

113 549 266 587 narrat
297 544 506 586 Tacitus:
541 543 666 586 Otho
699 545 921 599 primores
954 546 1178 599 quosdam
1212 545 1473 596 Galliarum,
1507 546 1584 600 qui
1617 552 1714 587 tum

54 625 79 676 [-
111 623 229 668 sorte
271 625 447 668 Rornae
491 625 693 674 aderant,
739 625 971 666 dimiserat
1013 631 1062 666 ut
1105 639 1209 667 suos
1248 627 1438 680 quisque
1472 626 1714 681 populares
1769 637 1771 639 ’

111 710 273 749 contra
304 705 541 748 Vitellium
574 705 797 747 incitaret.
834 706 894 747 Hi
928 719 1050 760 ergo,
1085 720 1189 755 cum
1222 707 1386 748 eodem
1418 713 1627 762 tempore
1655 707 1714 749 ab

39 810 63 842 5>
110 785 224 828 urbe
265 784 683 841 proficiscebantur,
724 785 986 840 priusquam
1019 786 1064 827 in
1096 799 1223 827 suam
1257 786 1459 856 quisque·
1480 787 1714 828 civitatem

46 855 65 885 32
112 865 471 920 digrederentur,
514 865 559 907 in
604 865 755 919 aliqua
796 866 920 915 urbe,
964 866 1086 907 unde
1129 866 1334 907 diversae
1379 867 1566 909 exibant
1599 867 1714 917 viae,

33 936 76 979 3-
111 951 436 996 convenerant,
477 945 631 1000 ibique
675 945 753 1000 (sic
786 951 909 986 certe
943 959 1095 986 rumor
1128 941 1319 1001 ferebat)
1354 948 1625 1002 pepigerant
1659 961 1715 988 ne

39 1017 46 1022 ³
112 1026 326 1068 deessent
357 1025 557 1067 libertati
591 1039 630 1066 e.
649 1039 694 1079 q.
712 1024 791 1066 s.”.

174 1107 234 1150 H.
268 1107 325 1157 V,
365 1119 400 1149 1.
434 1107 585 1148 Prima
616 1112 720 1148 sunt
752 1105 853 1148 libri
887 1106 1050 1148 verba:

88 1247 91 1250 ἱ
177 1187 421 1241 „Eiusdem
449 1187 555 1228 anni
573 1186 798 1241 principio
816 1186 981 1228 Caesar
998 1186 1141 1237 Titus,
1161 1188 1500 1241 perdomandae
1519 1189 1715 1230 Iudaeae

114 1267 318 1310 delectus
359 1281 386 1308 a
426 1273 556 1322 patre
599 1273 645 1308 et
692 1267 880 1321 privatis
922 1267 1155 1321 utriusque
1195 1267 1329 1309 rebus
1363 1267 1522 1309 militia
1554 1268 1712 1319 clarus,

114 1347 284 1389 maiore
300 1352 398 1389 tum
411 1347 455 1388 vi
473 1346 684 1401 famaque
697 1347 877 1401 agebat,
890 1347 1169 1388 certantibus
1182 1348 1515 1401 provinciarum
1530 1354 1576 1389 et
1588 1363 1714 1390 exer-

94 1427 286 1469 -cituum
301 1427 480 1478 studiis;
500 1432 638 1482 atque
656 1427 752 1482 ipse
771 1432 820 1468 ut
837 1440 972 1481 super
989 1426 1217 1468 fortunam
1236 1428 1497 1469 crederetur
1515 1443 1552 1470 e.
1572 1443 1615 1483 q.
1635 1429 1714 1471 S.”.

124 1531 127 1534 ·
174 1508 336 1551 Voluit
367 1521 476 1562 ergo
509 1508 639 1550 Titus
670 1515 805 1563 super
821 1509 1065 1563 fortunam
1093 1509 1227 1558 credi,
1255 1509 1334 1549 sed
1364 1510 1472 1563 quid
1508 1510 1593 1551 hoc
1622 1509 1718 1552 est?

114 1589 264 1639 Putes,
308 1593 358 1630 ut
392 1588 660 1643 opinor,‘·de
694 1601 749 1629 eo
781 1588 868 1629 hoc
902 1588 991 1629 dici
1025 1588 1114 1642 qui,
1150 1601 1252 1629 curn
1287 1589 1331 1630 in
1366 1589 1491 1631 edito
1524 1591 1582 1631 sit
1614 1591 1716 1632 loco

114 1670 303 1725 positus,
331 1674 487 1712 tamen
515 1673 759 1710 contentus
786 1681 841 1709 eo
869 1661 962 1709 no'n
990 1673 1072 1717 est,
1101 1673 1147 1709 et
1174 1669 1393 1710 maiorem
1421 1670 1558 1711 etiam
1576 1684 1712 1724 quam

22 1723 90 1770 · ’-’
112 1762 198 1804 pro
240 1748 420 1790 fortuna
462 1748 630 1790 famam
673 1749 863 1803 appetit.
910 1747 975 1788 At
1009 1747 1096 1788 hoc
1129 1748 1165 1788 si
1200 1747 1415 1789 voluisset
1448 1749 1592 1799 Titus,
1626 1751 1716 1791 iarn

114 1842 206 1872 non
249 1831 485 1883 ta'mquam
528 1828 815 1883 imperatoris
847 1827 963 1868 filius
995 1828 1161 1882 suspici
1194 1829 1275 1870 sed
1307 1834 1543 1884 tamquam
1576 1831 1718 1885 impe-

114 1903 236 1952 rat'or
277 1909 366 1951 coli
407 1909 637 1963 cupiisset.
680 1909 743 1950 Et
784 1908 977 1950 multum
1021 1908 1151 1950 abest
1185 1914 1233 1949 ut
1266 1914 1441 1950 tantam
1475 1910 1515 1951 ei
1548 1911 1718 1952 tribuat

113 1990 420 2044 arrogantiam
447 1989 653 2040 Tacitus;
687 1989 745 2030 de
774 1989 939 2030 eodem
968 1991 1088 2030 enim
1115 2002 1250 2043 porro
1269 1995 1439 2031 narrat:
1473 1990 1714 2043 „decorum

112 2085 162 2113 se
193 2076 549 2126 promptumque
592 2070 638 2111 in
675 2070 809 2110 armis
842 2069 1130 2119 ostendebat,
1164 2070 1381 2111 comitate
1414 2075 1459 2111 et
1492 2070 1716 2125 adloquiis

113 2151 262 2194 officia
293 2165 548 2206 provocans
581 2164 632 2192 ac
666 2150 933 2205 plerumque
967 2150 1011 2190 in
1042 2163 1194 2204 opere,
1224 2150 1268 2190 in
1297 2150 1476 2203 agmine
1495 2152 1715 2206 gregario

113 2231 248 2277 militi
288 2232 468 2281 mixtus,
511 2231 776 2285 incorrupto
818 2230 945 2271 ducis
987 2229 1204 2270 honore”.
1244 2229 1452 2271 Profecto
1487 2236 1714 2272 nonsunt

113 2311 226 2354 haec
268 2312 374 2353 eius.
403 2325 540 2366 quem
582 2311 649 2352 sui
693 2316 849 2360 status,
884 2310 1092 2364 quamvis
1124 2310 1307 2363 egregii,
1341 2311 1560 2364 poenitet.
1597 2312 1712 2352 Mire

112 2393 186 2435 hic
219 2407 246 2434 a
277 2392 546 2447 quotidiano
587 2391 805 2446 loquendi
849 2390 1167 2444 scribendique
1210 2403 1289 2431 usu
1325 2391 1495 2432 recedit
1527 2391 1712 2433 Tacitus

114 2478 160 2514 et
201 2472 709 2514 honorificentissimum
756 2471 844 2512 hoc
883 2471 995 2512 Tito
1039 2470 1118 2511 dat
1160 2471 1495 2512 testimonium:
1544 2472 1712 2525 „videri

114 2553 375 2596 hominibus
400 2553 437 2594 is
464 2567 561 2594 esse
590 2552 819 2607 cupiebat,
849 2565 985 2605 quem
1014 2550 1194 2592 fortuna
1221 2565 1368 2605 neque
1387 2558 1712 2606 corrumperet,

114 2647 262 2688 neque
290 2634 348 2675 ad
376 2635 603 2688 ignaviam
623 2633 900 2681 detruderet,
921 2631 997 2685 qui
1015 2631 1221 2672 fortunae
1241 2631 1484 2686 imperaret
1503 2631 1711 2687 (κρείττων

113 2718 188 2762 τῆς
221 2713 375 2769 τύχης)
409 2728 500 2755 non
533 2714 592 2756 ab
625 2713 699 2755 illa
733 2711 1006 2767 regeretur’'.

173 2794 297 2836 Ann.
331 2795 389 2844 ΙΙ,
424 2807 472 2848 3:
512 2795 635 2847 „Nec
669 2793 855 2847 Tigrani
889 2793 1150 2834 diuturnum
1182 2791 1423 2846 imperium
1456 2792 1538 2834 fuit
1566 2807 1713 2847 neque

113 2874 266 2916 liberis
292 2874 399 2924 eius,
429 2887 706 2928 quamquam
736 2872 917 2914 sociatis
946 2885 1070 2912 more
1098 2876 1290 2912 externo
1312 2871 1356 2912 in
1375 2873 1713 2915 matrimonium

114 2953 439 3009 regnumque”.
