<?xml version="1.0" encoding="UTF-8"?>
<!DOCTYPE html PUBLIC "-//W3C//DTD XHTML 1.0 Transitional//EN"
    "http://www.w3.org/TR/xhtml1/DTD/xhtml1-transitional.dtd">
<html xmlns="http://www.w3.org/1999/xhtml" xml:lang="en" lang="en">
 <head>
  <title>
</title>
<meta http-equiv="Content-Type" content="text/html;charset=utf-8" />
  <meta name='ocr-system' content='tesseract 3.04.00' />
  <meta name='ocr-capabilities' content='ocr_page ocr_carea ocr_par ocr_line ocrx_word'/>
</head>
<body>
  <div class='ocr_page' id='page_1' title='image "analectatacitea00hartuoft_0094.png"; bbox 0 0 2040 3412; ppageno 0'>
   <div class='ocr_carea' id='block_1_1' title="bbox 1872 518 2036 3410">
    <p class='ocr_par' dir='ltr' id='par_1_1' title="bbox 1872 518 2036 3410">
     <span class='ocr_line' id='line_1_1' title="bbox 1872 518 2036 743; baseline 0 -109"><span class='ocrx_word' id='word_1_1' title='bbox 1872 518 2036 743; x_wconf 95' lang='lat' dir='ltr'>    </span> 
     </span>
     <span class='ocr_line' id='line_1_2' title="bbox 1887 743 2036 904; baseline 0 -33"><span class='ocrx_word' id='word_1_2' title='bbox 1887 743 2036 904; x_wconf 95' lang='lat' dir='ltr'>   </span> 
     </span>
     <span class='ocr_line' id='line_1_3' title="bbox 1872 904 2036 1111; baseline 0 0"><span class='ocrx_word' id='word_1_3' title='bbox 1872 904 2036 1111; x_wconf 95' lang='lat' dir='ltr'>    </span> 
     </span>
     <span class='ocr_line' id='line_1_4' title="bbox 1872 1111 2036 1351; baseline 0 -128"><span class='ocrx_word' id='word_1_4' title='bbox 1872 1111 2036 1351; x_wconf 95' lang='lat' dir='ltr'>  </span> 
     </span>
     <span class='ocr_line' id='line_1_5' title="bbox 1872 1351 2036 1503; baseline 0 -43"><span class='ocrx_word' id='word_1_5' title='bbox 1872 1351 2036 1503; x_wconf 95' lang='lat' dir='ltr'>  </span> 
     </span>
     <span class='ocr_line' id='line_1_6' title="bbox 1872 1503 2036 1861; baseline 0 -121"><span class='ocrx_word' id='word_1_6' title='bbox 1872 1503 2036 1861; x_wconf 95' lang='lat' dir='ltr'>    </span> 
     </span>
     <span class='ocr_line' id='line_1_7' title="bbox 1879 2100 2036 2343; baseline 0 -157"><span class='ocrx_word' id='word_1_7' title='bbox 1879 2100 2036 2343; x_wconf 95' lang='lat' dir='ltr'>     </span> 
     </span>
     <span class='ocr_line' id='line_1_8' title="bbox 1880 2343 2036 2419; baseline 0 993"><span class='ocrx_word' id='word_1_8' title='bbox 1880 2343 2036 2419; x_wconf 95' lang='lat' dir='ltr'> </span> 
     </span>
     <span class='ocr_line' id='line_1_9' title="bbox 1876 2419 2036 2656; baseline 0 -32"><span class='ocrx_word' id='word_1_9' title='bbox 1876 2419 2036 2656; x_wconf 95' lang='lat' dir='ltr'>    </span> 
     </span>
     <span class='ocr_line' id='line_1_10' title="bbox 1878 2656 2036 2703; baseline 0 709"><span class='ocrx_word' id='word_1_10' title='bbox 1878 2656 2036 2703; x_wconf 95' lang='lat' dir='ltr'> </span> 
     </span>
     <span class='ocr_line' id='line_1_11' title="bbox 1875 2703 2036 2893; baseline 0 -31"><span class='ocrx_word' id='word_1_11' title='bbox 1875 2703 2036 2893; x_wconf 95' lang='lat' dir='ltr'>    </span> 
     </span>
     <span class='ocr_line' id='line_1_12' title="bbox 1872 2893 2036 3410; baseline 0 -358"><span class='ocrx_word' id='word_1_12' title='bbox 1872 2893 2036 3410; x_wconf 95' lang='lat' dir='ltr'>   </span> 
     </span>
    </p>
   </div>
   <div class='ocr_carea' id='block_1_2' title="bbox 1069 302 1126 343">
    <p class='ocr_par' dir='ltr' id='par_1_2' title="bbox 1069 302 1126 343">
     <span class='ocr_line' id='line_1_13' title="bbox 1069 302 1126 343; baseline 0.018 -1"><span class='ocrx_word' id='word_1_13' title='bbox 1069 302 1126 343; x_wconf 92' lang='lat'>86</span> 
     </span>
    </p>
   </div>
   <div class='ocr_carea' id='block_1_3' title="bbox 280 406 1978 3025">
    <p class='ocr_par' dir='ltr' id='par_1_3' title="bbox 289 406 1987 1499">
     <span class='ocr_line' id='line_1_14' title="bbox 293 406 1888 478; baseline 0.001 -14"><span class='ocrx_word' id='word_1_14' title='bbox 293 421 397 471; x_wconf 87' lang='lat' dir='ltr'><strong>Sed,</strong></span> <span class='ocrx_word' id='word_1_15' title='bbox 433 422 516 463; x_wconf 90' lang='lat' dir='ltr'>nisi</span> <span class='ocrx_word' id='word_1_16' title='bbox 549 423 729 477; x_wconf 84' lang='lat' dir='ltr'>egregie</span> <span class='ocrx_word' id='word_1_17' title='bbox 758 422 899 472; x_wconf 92' lang='lat' dir='ltr'>fallor,</span> <span class='ocrx_word' id='word_1_18' title='bbox 927 423 990 464; x_wconf 87' lang='lat' dir='ltr'>sic</span> <span class='ocrx_word' id='word_1_19' title='bbox 1018 422 1203 464; x_wconf 83' lang='lat' dir='ltr'>Tacitus</span> <span class='ocrx_word' id='word_1_20' title='bbox 1229 424 1430 478; x_wconf 87' lang='lat' dir='ltr'>scripsit:</span> <span class='ocrx_word' id='word_1_21' title='bbox 1463 429 1533 477; x_wconf 89' lang='lat' dir='ltr'>„et</span> <span class='ocrx_word' id='word_1_22' title='bbox 1559 424 1679 465; x_wconf 90' lang='lat' dir='ltr'>laeta</span> <span class='ocrx_word' id='word_1_23' title='bbox 1703 406 1888 478; x_wconf 81' lang='lat' dir='ltr'>quidem</span> 
     </span>
     <span class='ocr_line' id='line_1_15' title="bbox 292 502 1873 557; baseline 0.002 -14"><span class='ocrx_word' id='word_1_24' title='bbox 292 503 336 543; x_wconf 93' lang='lat' dir='ltr'>in</span> <span class='ocrx_word' id='word_1_25' title='bbox 365 516 577 556; x_wconf 79' lang='lat' dir='ltr'>praesens</span> <span class='ocrx_word' id='word_1_26' title='bbox 606 503 771 552; x_wconf 92' lang='lat' dir='ltr'>omnia,</span> <span class='ocrx_word' id='word_1_27' title='bbox 800 502 879 544; x_wconf 90' lang='lat' dir='ltr'>sed</span> <span class='ocrx_word' id='word_1_28' title='bbox 909 503 1179 557; x_wconf 86' lang='lat' dir='ltr'>benignitati</span> <span class='ocrx_word' id='word_1_29' title='bbox 1208 504 1343 544; x_wconf 92' lang='lat' dir='ltr'>deum</span> <span class='ocrx_word' id='word_1_30' title='bbox 1371 504 1564 557; x_wconf 83' lang='lat' dir='ltr'>gratiam</span> <span class='ocrx_word' id='word_1_31' title='bbox 1590 503 1873 546; x_wconf 87' lang='lat' dir='ltr'>referendam</span> 
     </span>
     <span class='ocr_line' id='line_1_16' title="bbox 292 582 1867 638; baseline 0.002 -15"><span class='ocrx_word' id='word_1_32' title='bbox 292 583 362 623; x_wconf 95' lang='lat' dir='ltr'>Ne</span> <span class='ocrx_word' id='word_1_33' title='bbox 405 583 515 623; x_wconf 88' lang='lat' dir='ltr'>ritus</span> <span class='ocrx_word' id='word_1_34' title='bbox 548 607 606 612; x_wconf 93' lang='lat'><strong>—</strong></span> <span class='ocrx_word' id='word_1_35' title='bbox 637 582 1049 624; x_wconf 86' lang='lat' dir='ltr'>oblitterarentur”.</span> <span class='ocrx_word' id='word_1_36' title='bbox 1092 583 1342 638; x_wconf 89' lang='lat' dir='ltr'>Aptissime</span> <span class='ocrx_word' id='word_1_37' title='bbox 1386 584 1511 637; x_wconf 90' lang='lat' dir='ltr'>gravi</span> <span class='ocrx_word' id='word_1_38' title='bbox 1554 583 1638 625; x_wconf 92' lang='lat' dir='ltr'>hac</span> <span class='ocrx_word' id='word_1_39' title='bbox 1682 584 1867 626; x_wconf 90' lang='lat' dir='ltr'>admoni</span> 
     </span>
     <span class='ocr_line' id='line_1_17' title="bbox 291 658 1873 716; baseline 0.001 -13"><span class='ocrx_word' id='word_1_40' title='bbox 291 662 414 703; x_wconf 91' lang='lat' dir='ltr'>tione</span> <span class='ocrx_word' id='word_1_41' title='bbox 444 663 697 704; x_wconf 90' lang='lat' dir='ltr'>orationem</span> <span class='ocrx_word' id='word_1_42' title='bbox 725 676 851 703; x_wconf 90' lang='lat' dir='ltr'>suam</span> <span class='ocrx_word' id='word_1_43' title='bbox 878 662 1090 704; x_wconf 90' lang='lat' dir='ltr'>Claudius</span> <span class='ocrx_word' id='word_1_44' title='bbox 1115 663 1233 704; x_wconf 85' lang='lat' dir='ltr'>finit:</span> <span class='ocrx_word' id='word_1_45' title='bbox 1265 677 1347 716; x_wconf 87' lang='lat' dir='ltr'>„ne</span> <span class='ocrx_word' id='word_1_46' title='bbox 1373 695 1503 704; x_wconf 87' lang='grc'><strong>.....</strong></span> <span class='ocrx_word' id='word_1_47' title='bbox 1526 658 1873 705; x_wconf 69' lang='lat' dir='ltr'>oblitterentur⁹⁶</span> 
     </span>
     <span class='ocr_line' id='line_1_18' title="bbox 291 742 1888 797; baseline 0.002 -15"><span class='ocrx_word' id='word_1_48' title='bbox 291 747 505 795; x_wconf 90' lang='lat' dir='ltr'>recteque</span> <span class='ocrx_word' id='word_1_49' title='bbox 546 743 610 782; x_wconf 88' lang='lat' dir='ltr'>sic</span> <span class='ocrx_word' id='word_1_50' title='bbox 653 742 849 783; x_wconf 92' lang='lat' dir='ltr'>narratio</span> <span class='ocrx_word' id='word_1_51' title='bbox 891 756 1011 783; x_wconf 94' lang='lat' dir='ltr'>nunc</span> <span class='ocrx_word' id='word_1_52' title='bbox 1054 743 1225 797; x_wconf 89' lang='lat' dir='ltr'>pergit:</span> <span class='ocrx_word' id='word_1_53' title='bbox 1274 742 1466 795; x_wconf 85' lang='lat' dir='ltr'>„factum</span> <span class='ocrx_word' id='word_1_54' title='bbox 1510 756 1567 783; x_wconf 88' lang='lat' dir='ltr'>ex</span> <span class='ocrx_word' id='word_1_55' title='bbox 1599 756 1655 784; x_wconf 91' lang='lat' dir='ltr'>eo</span> <span class='ocrx_word' id='word_1_56' title='bbox 1686 748 1888 785; x_wconf 84' lang='lat' dir='ltr'>senatus·</span> 
     </span>
     <span class='ocr_line' id='line_1_19' title="bbox 292 820 1887 876; baseline 0.003 -15"><span class='ocrx_word' id='word_1_57' title='bbox 292 820 548 862; x_wconf 90' lang='lat' dir='ltr'>consultum</span> <span class='ocrx_word' id='word_1_58' title='bbox 581 834 619 862; x_wconf 93' lang='lat' dir='ltr'>e.</span> <span class='ocrx_word' id='word_1_59' title='bbox 653 835 697 874; x_wconf 85' lang='lat' dir='ltr'>q.</span> <span class='ocrx_word' id='word_1_60' title='bbox 730 820 809 862; x_wconf 90' lang='lat' dir='ltr'>s.”.</span> <span class='ocrx_word' id='word_1_61' title='bbox 845 821 1081 862; x_wconf 88' lang='lat' dir='ltr'>Praeterea</span> <span class='ocrx_word' id='word_1_62' title='bbox 1108 822 1204 875; x_wconf 89' lang='lat' dir='ltr'>ipsa</span> <span class='ocrx_word' id='word_1_63' title='bbox 1233 835 1415 875; x_wconf 91' lang='lat' dir='ltr'>quoque</span> <span class='ocrx_word' id='word_1_64' title='bbox 1443 835 1560 876; x_wconf 91' lang='lat' dir='ltr'>quae</span> <span class='ocrx_word' id='word_1_65' title='bbox 1587 822 1887 865; x_wconf 84' lang='lat' dir='ltr'>antecedunt:</span> 
     </span>
     <span class='ocr_line' id='line_1_20' title="bbox 295 899 1888 955; baseline 0.002 -14"><span class='ocrx_word' id='word_1_66' title='bbox 295 901 399 953; x_wconf 90' lang='lat' dir='ltr'>„sed</span> <span class='ocrx_word' id='word_1_67' title='bbox 433 901 703 954; x_wconf 82' lang='lat' dir='ltr'>benignitati</span> <span class='ocrx_word' id='word_1_68' title='bbox 734 902 869 942; x_wconf 90' lang='lat' dir='ltr'>deum</span> <span class='ocrx_word' id='word_1_69' title='bbox 897 902 1088 955; x_wconf 83' lang='lat' dir='ltr'>gratiam</span> <span class='ocrx_word' id='word_1_70' title='bbox 1116 900 1428 943; x_wconf 90' lang='lat' dir='ltr'>referendam”</span> <span class='ocrx_word' id='word_1_71' title='bbox 1457 915 1575 943; x_wconf 91' lang='lat' dir='ltr'>nunc</span> <span class='ocrx_word' id='word_1_72' title='bbox 1603 899 1747 944; x_wconf 76' lang='lat' dir='ltr'>mhlto</span> <span class='ocrx_word' id='word_1_73' title='bbox 1774 901 1888 945; x_wconf 86' lang='lat' dir='ltr'>fiunt</span> 
     </span>
     <span class='ocr_line' id='line_1_21' title="bbox 291 966 1888 1035; baseline 0.001 -14"><span class='ocrx_word' id='word_1_74' title='bbox 291 981 540 1021; x_wconf 90' lang='lat' dir='ltr'>disertiora.</span> <span class='ocrx_word' id='word_1_75' title='bbox 571 980 672 1021; x_wconf 91' lang='lat' dir='ltr'>Hoc</span> <span class='ocrx_word' id='word_1_76' title='bbox 699 981 819 1021; x_wconf 91' lang='lat' dir='ltr'>enirn</span> <span class='ocrx_word' id='word_1_77' title='bbox 849 981 960 1022; x_wconf 93' lang='lat' dir='ltr'>dicit</span> <span class='ocrx_word' id='word_1_78' title='bbox 987 966 1222 1022; x_wconf 86' lang='lat' dir='ltr'>Claudius:</span> <span class='ocrx_word' id='word_1_79' title='bbox 1257 981 1326 1034; x_wconf 87' lang='lat' dir='ltr'>„in</span> <span class='ocrx_word' id='word_1_80' title='bbox 1354 995 1566 1035; x_wconf 89' lang='lat' dir='ltr'>praesens</span> <span class='ocrx_word' id='word_1_81' title='bbox 1592 981 1712 1023; x_wconf 87' lang='lat' dir='ltr'>laeta</span> <span class='ocrx_word' id='word_1_82' title='bbox 1734 981 1888 1024; x_wconf 80' lang='lat' dir='ltr'>omnia</span> 
     </span>
     <span class='ocr_line' id='line_1_22' title="bbox 290 1060 1869 1116; baseline 0.001 -15"><span class='ocrx_word' id='word_1_83' title='bbox 290 1066 408 1110; x_wconf 90' lang='lat' dir='ltr'>sunt,</span> <span class='ocrx_word' id='word_1_84' title='bbox 453 1074 558 1109; x_wconf 93' lang='lat' dir='ltr'>non,</span> <span class='ocrx_word' id='word_1_85' title='bbox 592 1060 787 1110; x_wconf 87' lang='lat' dir='ltr'>hercule,</span> <span class='ocrx_word' id='word_1_86' title='bbox 822 1066 977 1101; x_wconf 91' lang='lat' dir='ltr'>nostra</span> <span class='ocrx_word' id='word_1_87' title='bbox 1009 1073 1170 1114; x_wconf 90' lang='lat' dir='ltr'>opera:</span> <span class='ocrx_word' id='word_1_88' title='bbox 1204 1074 1286 1101; x_wconf 88' lang='lat' dir='ltr'>nos</span> <span class='ocrx_word' id='word_1_89' title='bbox 1319 1061 1439 1101; x_wconf 91' lang='lat' dir='ltr'>enim</span> <span class='ocrx_word' id='word_1_90' title='bbox 1472 1061 1609 1102; x_wconf 89' lang='lat' dir='ltr'>etiam</span> <span class='ocrx_word' id='word_1_91' title='bbox 1642 1061 1687 1102; x_wconf 91' lang='lat' dir='ltr'>in</span> <span class='ocrx_word' id='word_1_92' title='bbox 1718 1060 1869 1116; x_wconf 86' lang='lat' dir='ltr'>gravis</span> 
     </span>
     <span class='ocr_line' id='line_1_23' title="bbox 290 1139 1872 1195; baseline 0.001 -15"><span class='ocrx_word' id='word_1_93' title='bbox 290 1140 413 1181; x_wconf 90' lang='lat' dir='ltr'>simis</span> <span class='ocrx_word' id='word_1_94' title='bbox 440 1140 572 1181; x_wconf 89' lang='lat' dir='ltr'>rebus</span> <span class='ocrx_word' id='word_1_95' title='bbox 598 1140 812 1181; x_wconf 87' lang='lat' dir='ltr'>socordes</span> <span class='ocrx_word' id='word_1_96' title='bbox 839 1153 1005 1190; x_wconf 89' lang='lat' dir='ltr'>sumus,</span> <span class='ocrx_word' id='word_1_97' title='bbox 1033 1140 1112 1181; x_wconf 92' lang='lat' dir='ltr'>sed</span> <span class='ocrx_word' id='word_1_98' title='bbox 1141 1139 1352 1194; x_wconf 85' lang='lat' dir='ltr'>singulari</span> <span class='ocrx_word' id='word_1_99' title='bbox 1379 1141 1568 1182; x_wconf 90' lang='lat' dir='ltr'>deorum</span> <span class='ocrx_word' id='word_1_100' title='bbox 1591 1140 1872 1195; x_wconf 83' lang='lat' dir='ltr'>benignitate</span> 
     </span>
     <span class='ocr_line' id='line_1_24' title="bbox 291 1219 1871 1273; baseline 0.001 -13"><span class='ocrx_word' id='word_1_101' title='bbox 291 1219 454 1272; x_wconf 88' lang='lat' dir='ltr'>quibus</span> <span class='ocrx_word' id='word_1_102' title='bbox 497 1233 692 1273; x_wconf 90' lang='lat' dir='ltr'>aequum</span> <span class='ocrx_word' id='word_1_103' title='bbox 735 1225 803 1260; x_wconf 91' lang='lat' dir='ltr'>est</span> <span class='ocrx_word' id='word_1_104' title='bbox 844 1225 1023 1273; x_wconf 90' lang='lat' dir='ltr'>gratum</span> <span class='ocrx_word' id='word_1_105' title='bbox 1061 1233 1143 1260; x_wconf 91' lang='lat' dir='ltr'>nos</span> <span class='ocrx_word' id='word_1_106' title='bbox 1175 1220 1330 1261; x_wconf 89' lang='lat' dir='ltr'>testari</span> <span class='ocrx_word' id='word_1_107' title='bbox 1362 1221 1564 1262; x_wconf 90' lang='lat' dir='ltr'>animum</span> <span class='ocrx_word' id='word_1_108' title='bbox 1596 1220 1727 1262; x_wconf 86' lang='lat' dir='ltr'>donis</span> <span class='ocrx_word' id='word_1_109' title='bbox 1758 1219 1871 1263; x_wconf 78' lang='lat' dir='ltr'>victi</span> 
     </span>
     <span class='ocr_line' id='line_1_25' title="bbox 290 1298 1868 1354; baseline 0.002 -15"><span class='ocrx_word' id='word_1_110' title='bbox 290 1298 508 1352; x_wconf 90' lang='lat' dir='ltr'>misque”.</span> <span class='ocrx_word' id='word_1_111' title='bbox 539 1299 634 1339; x_wconf 92' lang='lat' dir='ltr'>Nos</span> <span class='ocrx_word' id='word_1_112' title='bbox 663 1312 845 1353; x_wconf 91' lang='lat' dir='ltr'>quoque</span> <span class='ocrx_word' id='word_1_113' title='bbox 872 1313 1008 1353; x_wconf 88' lang='lat' dir='ltr'>saepe</span> <span class='ocrx_word' id='word_1_114' title='bbox 1035 1299 1268 1340; x_wconf 91' lang='lat' dir='ltr'>hominem</span> <span class='ocrx_word' id='word_1_115' title='bbox 1296 1299 1602 1354; x_wconf 89' lang='lat' dir='ltr'>negligentem</span> <span class='ocrx_word' id='word_1_116' title='bbox 1628 1299 1868 1343; x_wconf 82' lang='lat' dir='ltr'>socordem</span> 
     </span>
     <span class='ocr_line' id='line_1_26' title="bbox 289 1378 1887 1433; baseline 0.001 -15"><span class='ocrx_word' id='word_1_117' title='bbox 289 1391 378 1431; x_wconf 92' lang='lat' dir='ltr'>que</span> <span class='ocrx_word' id='word_1_118' title='bbox 419 1378 482 1419; x_wconf 83' lang='lat' dir='ltr'>sic</span> <span class='ocrx_word' id='word_1_119' title='bbox 526 1379 859 1432; x_wconf 88' lang='lat' dir='ltr'>vituperamus:</span> <span class='ocrx_word' id='word_1_120' title='bbox 909 1379 1034 1432; x_wconf 89' lang='lat' dir='ltr'>„Deo</span> <span class='ocrx_word' id='word_1_121' title='bbox 1078 1384 1123 1420; x_wconf 91' lang='lat' dir='ltr'>te</span> <span class='ocrx_word' id='word_1_122' title='bbox 1165 1379 1357 1433; x_wconf 88' lang='lat' dir='ltr'>gratiam</span> <span class='ocrx_word' id='word_1_123' title='bbox 1395 1378 1561 1420; x_wconf 90' lang='lat' dir='ltr'>referre</span> <span class='ocrx_word' id='word_1_124' title='bbox 1597 1379 1731 1421; x_wconf 90' lang='lat' dir='ltr'>decet</span> <span class='ocrx_word' id='word_1_125' title='bbox 1761 1378 1887 1433; x_wconf 84' lang='lat' dir='ltr'>quod</span> 
     </span>
     <span class='ocr_line' id='line_1_27' title="bbox 289 1458 898 1499; baseline 0.002 -1"><span class='ocrx_word' id='word_1_126' title='bbox 289 1470 359 1498; x_wconf 90' lang='lat' dir='ltr'>res</span> <span class='ocrx_word' id='word_1_127' title='bbox 392 1462 486 1498; x_wconf 90' lang='lat' dir='ltr'>tam</span> <span class='ocrx_word' id='word_1_128' title='bbox 519 1458 636 1499; x_wconf 91' lang='lat' dir='ltr'>bene</span> <span class='ocrx_word' id='word_1_129' title='bbox 670 1458 898 1499; x_wconf 88' lang='lat' dir='ltr'>cesserit”.</span> 
     </span>
    </p>

    <p class='ocr_par' dir='ltr' id='par_1_4' title="bbox 288 1535 1979 1760">
     <span class='ocr_line' id='line_1_28' title="bbox 351 1535 1978 1595; baseline 0.002 -17"><span class='ocrx_word' id='word_1_130' title='bbox 351 1537 472 1578; x_wconf 89' lang='lat' dir='ltr'>Ann.</span> <span class='ocrx_word' id='word_1_131' title='bbox 507 1538 610 1587; x_wconf 92' lang='lat' dir='ltr'>XII,</span> <span class='ocrx_word' id='word_1_132' title='bbox 652 1538 715 1579; x_wconf 92' lang='lat'>16.</span> <span class='ocrx_word' id='word_1_133' title='bbox 751 1538 945 1579; x_wconf 89' lang='lat' dir='ltr'>Romani</span> <span class='ocrx_word' id='word_1_134' title='bbox 978 1539 1194 1580; x_wconf 88' lang='lat' dir='ltr'>adversus</span> <span class='ocrx_word' id='word_1_135' title='bbox 1226 1538 1540 1580; x_wconf 88' lang='lat' dir='ltr'>Mithridatem</span> <span class='ocrx_word' id='word_1_136' title='bbox 1573 1535 1978 1595; x_wconf 49' lang='lat' dir='ltr'>Bosporanum&#39;issss</span> 
     </span>
     <span class='ocr_line' id='line_1_29' title="bbox 288 1602 1884 1672; baseline -0.001 -14"><span class='ocrx_word' id='word_1_137' title='bbox 288 1618 435 1658; x_wconf 88' lang='lat' dir='ltr'>socios</span> <span class='ocrx_word' id='word_1_138' title='bbox 481 1623 715 1659; x_wconf 88' lang='lat' dir='ltr'>assumunt</span> <span class='ocrx_word' id='word_1_139' title='bbox 762 1618 936 1659; x_wconf 87' lang='lat' dir='ltr'>Aorsos</span> <span class='ocrx_word' id='word_1_140' title='bbox 978 1623 1024 1659; x_wconf 90' lang='lat' dir='ltr'>et</span> <span class='ocrx_word' id='word_1_141' title='bbox 1066 1631 1169 1659; x_wconf 91' lang='lat' dir='ltr'>cum</span> <span class='ocrx_word' id='word_1_142' title='bbox 1211 1617 1296 1658; x_wconf 91' lang='lat' dir='ltr'>illis</span> <span class='ocrx_word' id='word_1_143' title='bbox 1339 1617 1541 1659; x_wconf 89' lang='lat' dir='ltr'>laborem</span> <span class='ocrx_word' id='word_1_144' title='bbox 1584 1617 1739 1672; x_wconf 89' lang='lat' dir='ltr'>partiti</span> <span class='ocrx_word' id='word_1_145' title='bbox 1779 1602 1884 1660; x_wconf 81' lang='lat' dir='ltr'>eum</span> 
     </span>
     <span class='ocr_line' id='line_1_30' title="bbox 289 1685 1974 1754; baseline 0.001 -16"><span class='ocrx_word' id='word_1_146' title='bbox 289 1697 635 1750; x_wconf 88' lang='lat' dir='ltr'>aggrediuntur:</span> <span class='ocrx_word' id='word_1_147' title='bbox 1938 1685 1974 1754; x_wconf 19' lang='grc' dir='ltr'><strong><em>ἶ</em></strong></span> 
     </span>
    </p>

    <p class='ocr_par' dir='ltr' id='par_1_5' title="bbox 287 1759 1983 1991">
     <span class='ocr_line' id='line_1_31' title="bbox 352 1760 1975 1839; baseline 0.001 -22"><span class='ocrx_word' id='word_1_148' title='bbox 352 1778 439 1829; x_wconf 87' lang='lat' dir='ltr'>„sic</span> <span class='ocrx_word' id='word_1_149' title='bbox 467 1776 620 1831; x_wconf 91' lang='lat' dir='ltr'>pulsus</span> <span class='ocrx_word' id='word_1_150' title='bbox 646 1777 802 1826; x_wconf 90' lang='lat' dir='ltr'>hostis,</span> <span class='ocrx_word' id='word_1_151' title='bbox 830 1783 1109 1831; x_wconf 90' lang='lat' dir='ltr'>ventumque</span> <span class='ocrx_word' id='word_1_152' title='bbox 1138 1776 1314 1827; x_wconf 88' lang='lat' dir='ltr'>Sozam,</span> <span class='ocrx_word' id='word_1_153' title='bbox 1340 1777 1561 1831; x_wconf 90' lang='lat' dir='ltr'>oppidum</span> <span class='ocrx_word' id='word_1_154' title='bbox 1584 1770 1885 1827; x_wconf 83' lang='lat' dir='ltr'>Dandaricae,</span> <span class='ocrx_word' id='word_1_155' title='bbox 1931 1760 1975 1839; x_wconf 47' lang='grc' dir='ltr'><em>ξ</em></span> 
     </span>
     <span class='ocr_line' id='line_1_32' title="bbox 287 1842 1931 1911; baseline 0.001 -14"><span class='ocrx_word' id='word_1_156' title='bbox 287 1857 410 1909; x_wconf 92' lang='lat' dir='ltr'>quod</span> <span class='ocrx_word' id='word_1_157' title='bbox 439 1857 668 1898; x_wconf 90' lang='lat' dir='ltr'>desertum</span> <span class='ocrx_word' id='word_1_158' title='bbox 698 1870 724 1897; x_wconf 91' lang='lat' dir='ltr'>a</span> <span class='ocrx_word' id='word_1_159' title='bbox 749 1856 1014 1898; x_wconf 88' lang='lat' dir='ltr'>Mithridate</span> <span class='ocrx_word' id='word_1_160' title='bbox 1039 1857 1100 1898; x_wconf 94' lang='lat' dir='ltr'>ob</span> <span class='ocrx_word' id='word_1_161' title='bbox 1124 1857 1361 1910; x_wconf 88' lang='lat' dir='ltr'>ambiguos</span> <span class='ocrx_word' id='word_1_162' title='bbox 1386 1856 1672 1911; x_wconf 90' lang='lat' dir='ltr'>popularium</span> <span class='ocrx_word' id='word_1_163' title='bbox 1694 1856 1871 1899; x_wconf 81' lang='lat' dir='ltr'>animos</span> <span class='ocrx_word' id='word_1_164' title='bbox 1929 1842 1931 1848; x_wconf 33' lang='lat'><em>&#39;</em></span> 
     </span>
     <span class='ocr_line' id='line_1_33' title="bbox 287 1936 1252 1991; baseline 0.001 -14"><span class='ocrx_word' id='word_1_165' title='bbox 287 1936 482 1977; x_wconf 89' lang='lat' dir='ltr'>obtineri</span> <span class='ocrx_word' id='word_1_166' title='bbox 515 1936 674 1977; x_wconf 89' lang='lat' dir='ltr'>relicto</span> <span class='ocrx_word' id='word_1_167' title='bbox 706 1937 768 1978; x_wconf 93' lang='lat' dir='ltr'>ibi</span> <span class='ocrx_word' id='word_1_168' title='bbox 802 1937 1028 1991; x_wconf 89' lang='lat' dir='ltr'>praesidio</span> <span class='ocrx_word' id='word_1_169' title='bbox 1062 1936 1252 1978; x_wconf 88' lang='lat' dir='ltr'>visum”.</span> 
     </span>
    </p>

    <p class='ocr_par' dir='ltr' id='par_1_6' title="bbox 280 2006 1977 3025">
     <span class='ocr_line' id='line_1_34' title="bbox 347 2010 1884 2070; baseline 0.001 -13"><span class='ocrx_word' id='word_1_170' title='bbox 347 2016 465 2065; x_wconf 90' lang='lat' dir='ltr'>Non,</span> <span class='ocrx_word' id='word_1_171' title='bbox 499 2016 694 2065; x_wconf 90' lang='lat' dir='ltr'>hercule,</span> <span class='ocrx_word' id='word_1_172' title='bbox 728 2016 1018 2057; x_wconf 86' lang='lat' dir='ltr'>Mithridates</span> <span class='ocrx_word' id='word_1_173' title='bbox 1051 2016 1138 2065; x_wconf 93' lang='lat' dir='ltr'>ille,</span> <span class='ocrx_word' id='word_1_174' title='bbox 1173 2016 1250 2070; x_wconf 91' lang='lat' dir='ltr'>qui</span> <span class='ocrx_word' id='word_1_175' title='bbox 1284 2030 1364 2070; x_wconf 91' lang='lat' dir='ltr'>per</span> <span class='ocrx_word' id='word_1_176' title='bbox 1398 2016 1488 2057; x_wconf 90' lang='lat' dir='ltr'>vim</span> <span class='ocrx_word' id='word_1_177' title='bbox 1520 2021 1668 2057; x_wconf 88' lang='lat' dir='ltr'>totum</span> <span class='ocrx_word' id='word_1_178' title='bbox 1700 2010 1884 2058; x_wconf 71' lang='lat' dir='ltr'>Danda·</span> 
     </span>
     <span class='ocr_line' id='line_1_35' title="bbox 284 2095 1883 2156; baseline 0.001 -20"><span class='ocrx_word' id='word_1_179' title='bbox 284 2095 483 2136; x_wconf 89' lang='lat' dir='ltr'>ridarum</span> <span class='ocrx_word' id='word_1_180' title='bbox 527 2109 716 2150; x_wconf 90' lang='lat' dir='ltr'>regnum</span> <span class='ocrx_word' id='word_1_181' title='bbox 757 2096 1012 2150; x_wconf 89' lang='lat' dir='ltr'>occupavit,</span> <span class='ocrx_word' id='word_1_182' title='bbox 1056 2096 1207 2137; x_wconf 91' lang='lat' dir='ltr'>subito</span> <span class='ocrx_word' id='word_1_183' title='bbox 1246 2101 1340 2137; x_wconf 89' lang='lat' dir='ltr'>tam</span> <span class='ocrx_word' id='word_1_184' title='bbox 1378 2096 1567 2150; x_wconf 89' lang='lat' dir='ltr'>ignavus</span> <span class='ocrx_word' id='word_1_185' title='bbox 1599 2095 1883 2156; x_wconf 76' lang='lat' dir='ltr'>pavidusque</span> 
     </span>
     <span class='ocr_line' id='line_1_36' title="bbox 284 2175 1879 2231; baseline 0.002 -15"><span class='ocrx_word' id='word_1_186' title='bbox 284 2175 428 2216; x_wconf 88' lang='lat' dir='ltr'>factus</span> <span class='ocrx_word' id='word_1_187' title='bbox 455 2181 536 2225; x_wconf 91' lang='lat' dir='ltr'>est,</span> <span class='ocrx_word' id='word_1_188' title='bbox 566 2181 615 2216; x_wconf 89' lang='lat' dir='ltr'>ut</span> <span class='ocrx_word' id='word_1_189' title='bbox 642 2176 864 2230; x_wconf 89' lang='lat' dir='ltr'>oppidum</span> <span class='ocrx_word' id='word_1_190' title='bbox 883 2176 1261 2225; x_wconf 88' lang='lat' dir='ltr'>Dandaridarum,</span> <span class='ocrx_word' id='word_1_191' title='bbox 1280 2181 1468 2230; x_wconf 91' lang='lat' dir='ltr'>propter</span> <span class='ocrx_word' id='word_1_192' title='bbox 1486 2189 1733 2230; x_wconf 87' lang='lat' dir='ltr'>paucorum</span> <span class='ocrx_word' id='word_1_193' title='bbox 1749 2176 1879 2231; x_wconf 89' lang='lat' dir='ltr'>oppi-</span> 
     </span>
     <span class='ocr_line' id='line_1_37' title="bbox 285 2240 1879 2309; baseline 0.001 -13"><span class='ocrx_word' id='word_1_194' title='bbox 285 2256 507 2296; x_wconf 83' lang='lat' dir='ltr'>danorum</span> <span class='ocrx_word' id='word_1_195' title='bbox 533 2255 771 2309; x_wconf 91' lang='lat' dir='ltr'>ambiguos</span> <span class='ocrx_word' id='word_1_196' title='bbox 797 2256 987 2305; x_wconf 88' lang='lat' dir='ltr'>animos,</span> <span class='ocrx_word' id='word_1_197' title='bbox 1015 2240 1167 2297; x_wconf 87' lang='lat' dir='ltr'>subito</span> <span class='ocrx_word' id='word_1_198' title='bbox 1191 2256 1439 2306; x_wconf 89' lang='lat' dir='ltr'>desereret;</span> <span class='ocrx_word' id='word_1_199' title='bbox 1465 2261 1511 2297; x_wconf 91' lang='lat' dir='ltr'>et</span> <span class='ocrx_word' id='word_1_200' title='bbox 1535 2256 1571 2297; x_wconf 91' lang='lat' dir='ltr'>si</span> <span class='ocrx_word' id='word_1_201' title='bbox 1594 2255 1879 2307; x_wconf 87' lang='lat' dir='ltr'>deseruisset,</span> 
     </span>
     <span class='ocr_line' id='line_1_38' title="bbox 283 2334 1880 2391; baseline 0.002 -16"><span class='ocrx_word' id='word_1_202' title='bbox 283 2340 517 2389; x_wconf 89' lang='lat' dir='ltr'>suspectos</span> <span class='ocrx_word' id='word_1_203' title='bbox 541 2335 641 2375; x_wconf 90' lang='lat' dir='ltr'>illos</span> <span class='ocrx_word' id='word_1_204' title='bbox 666 2349 837 2384; x_wconf 90' lang='lat' dir='ltr'>omnes,</span> <span class='ocrx_word' id='word_1_205' title='bbox 862 2341 911 2376; x_wconf 94' lang='lat' dir='ltr'>ut</span> <span class='ocrx_word' id='word_1_206' title='bbox 936 2337 1111 2390; x_wconf 88' lang='lat' dir='ltr'>opinor,</span> <span class='ocrx_word' id='word_1_207' title='bbox 1138 2336 1259 2390; x_wconf 90' lang='lat' dir='ltr'>prius</span> <span class='ocrx_word' id='word_1_208' title='bbox 1282 2336 1564 2377; x_wconf 89' lang='lat' dir='ltr'>trucidasset.</span> <span class='ocrx_word' id='word_1_209' title='bbox 1583 2334 1674 2378; x_wconf 91' lang='lat' dir='ltr'>Sed</span> <span class='ocrx_word' id='word_1_210' title='bbox 1692 2340 1880 2391; x_wconf 79' lang='lat' dir='ltr'>propter</span> 
     </span>
     <span class='ocr_line' id='line_1_39' title="bbox 282 2414 1878 2475; baseline 0.001 -20"><span class='ocrx_word' id='word_1_211' title='bbox 282 2415 520 2468; x_wconf 90' lang='lat' dir='ltr'>ambiguos</span> <span class='ocrx_word' id='word_1_212' title='bbox 552 2414 651 2455; x_wconf 90' lang='lat' dir='ltr'>illos</span> <span class='ocrx_word' id='word_1_213' title='bbox 683 2415 858 2456; x_wconf 89' lang='lat' dir='ltr'>animos</span> <span class='ocrx_word' id='word_1_214' title='bbox 889 2416 1080 2457; x_wconf 79' lang='lat' dir='ltr'>Romani</span> <span class='ocrx_word' id='word_1_215' title='bbox 1109 2415 1154 2456; x_wconf 92' lang='lat' dir='ltr'>in</span> <span class='ocrx_word' id='word_1_216' title='bbox 1188 2416 1373 2469; x_wconf 93' lang='lat' dir='ltr'>oppido,</span> <span class='ocrx_word' id='word_1_217' title='bbox 1408 2416 1615 2469; x_wconf 87' lang='lat' dir='ltr'>quamvis</span> <span class='ocrx_word' id='word_1_218' title='bbox 1648 2415 1878 2475; x_wconf 80' lang='lat' dir='ltr'>desertum</span> 
     </span>
     <span class='ocr_line' id='line_1_40' title="bbox 282 2484 1877 2550; baseline 0.002 -16"><span class='ocrx_word' id='word_1_219' title='bbox 282 2494 371 2534; x_wconf 90' lang='lat' dir='ltr'>iam</span> <span class='ocrx_word' id='word_1_220' title='bbox 405 2499 523 2535; x_wconf 89' lang='lat' dir='ltr'>esset</span> <span class='ocrx_word' id='word_1_221' title='bbox 555 2494 614 2535; x_wconf 90' lang='lat' dir='ltr'>ab</span> <span class='ocrx_word' id='word_1_222' title='bbox 647 2494 791 2544; x_wconf 92' lang='lat' dir='ltr'>hoste,</span> <span class='ocrx_word' id='word_1_223' title='bbox 825 2495 1099 2549; x_wconf 90' lang='lat' dir='ltr'>praesidium</span> <span class='ocrx_word' id='word_1_224' title='bbox 1127 2495 1361 2548; x_wconf 91' lang='lat' dir='ltr'>reliquere.</span> <span class='ocrx_word' id='word_1_225' title='bbox 1391 2494 1465 2537; x_wconf 87' lang='lat' dir='ltr'>Sic</span> <span class='ocrx_word' id='word_1_226' title='bbox 1495 2508 1602 2549; x_wconf 90' lang='lat' dir='ltr'>ergo</span> <span class='ocrx_word' id='word_1_227' title='bbox 1630 2484 1877 2550; x_wconf 69' lang='lat' dir='ltr'>distingue:</span> 
     </span>
     <span class='ocr_line' id='line_1_41' title="bbox 287 2572 1876 2628; baseline 0.001 -14"><span class='ocrx_word' id='word_1_228' title='bbox 287 2572 489 2625; x_wconf 87' lang='lat' dir='ltr'>„Sozam‚</span> <span class='ocrx_word' id='word_1_229' title='bbox 529 2574 751 2627; x_wconf 91' lang='lat' dir='ltr'>oppidum</span> <span class='ocrx_word' id='word_1_230' title='bbox 785 2574 1082 2623; x_wconf 88' lang='lat' dir='ltr'>Dandaricae,</span> <span class='ocrx_word' id='word_1_231' title='bbox 1117 2574 1240 2628; x_wconf 91' lang='lat' dir='ltr'>quod</span> <span class='ocrx_word' id='word_1_232' title='bbox 1274 2575 1502 2617; x_wconf 88' lang='lat' dir='ltr'>desertum</span> <span class='ocrx_word' id='word_1_233' title='bbox 1534 2588 1561 2615; x_wconf 89' lang='lat' dir='ltr'>a</span> <span class='ocrx_word' id='word_1_234' title='bbox 1597 2573 1876 2624; x_wconf 81' lang='lat' dir='ltr'>Mithridate,</span> 
     </span>
     <span class='ocr_line' id='line_1_42' title="bbox 282 2652 1878 2708; baseline 0.001 -15"><span class='ocrx_word' id='word_1_235' title='bbox 282 2652 342 2693; x_wconf 94' lang='lat' dir='ltr'>ob</span> <span class='ocrx_word' id='word_1_236' title='bbox 375 2653 612 2706; x_wconf 90' lang='lat' dir='ltr'>ambiguos</span> <span class='ocrx_word' id='word_1_237' title='bbox 639 2653 925 2707; x_wconf 91' lang='lat' dir='ltr'>popularium</span> <span class='ocrx_word' id='word_1_238' title='bbox 952 2654 1128 2694; x_wconf 90' lang='lat' dir='ltr'>animos</span> <span class='ocrx_word' id='word_1_239' title='bbox 1155 2653 1349 2694; x_wconf 91' lang='lat' dir='ltr'>obtineri</span> <span class='ocrx_word' id='word_1_240' title='bbox 1377 2653 1535 2694; x_wconf 91' lang='lat' dir='ltr'>relicto</span> <span class='ocrx_word' id='word_1_241' title='bbox 1562 2653 1624 2694; x_wconf 91' lang='lat' dir='ltr'>ibi</span> <span class='ocrx_word' id='word_1_242' title='bbox 1651 2653 1878 2708; x_wconf 89' lang='lat' dir='ltr'>praesidio</span> 
     </span>
     <span class='ocr_line' id='line_1_43' title="bbox 283 2731 1878 2787; baseline 0.002 -15"><span class='ocrx_word' id='word_1_243' title='bbox 283 2731 470 2772; x_wconf 87' lang='lat' dir='ltr'>visum”.</span> <span class='ocrx_word' id='word_1_244' title='bbox 518 2732 768 2787; x_wconf 83' lang='lat' dir='ltr'>Populares</span> <span class='ocrx_word' id='word_1_245' title='bbox 814 2732 887 2773; x_wconf 91' lang='lat' dir='ltr'>hic</span> <span class='ocrx_word' id='word_1_246' title='bbox 934 2733 1173 2787; x_wconf 80' lang='lat' dir='ltr'>oppidanos</span> <span class='ocrx_word' id='word_1_247' title='bbox 1219 2732 1471 2786; x_wconf 90' lang='lat' dir='ltr'>significare</span> <span class='ocrx_word' id='word_1_248' title='bbox 1519 2737 1641 2773; x_wconf 88' lang='lat' dir='ltr'>recte</span> <span class='ocrx_word' id='word_1_249' title='bbox 1686 2736 1878 2775; x_wconf 80' lang='lat' dir='ltr'>annotat</span> 
     </span>
     <span class='ocr_line' id='line_1_44' title="bbox 283 2811 1875 2866; baseline 0.001 -14"><span class='ocrx_word' id='word_1_250' title='bbox 283 2812 538 2861; x_wconf 86' lang='lat' dir='ltr'>Furneaux,</span> <span class='ocrx_word' id='word_1_251' title='bbox 582 2813 662 2853; x_wconf 89' lang='lat' dir='ltr'>sed</span> <span class='ocrx_word' id='word_1_252' title='bbox 707 2813 830 2866; x_wconf 93' lang='lat' dir='ltr'>quod</span> <span class='ocrx_word' id='word_1_253' title='bbox 875 2813 1003 2854; x_wconf 89' lang='lat' dir='ltr'>addit</span> <span class='ocrx_word' id='word_1_254' title='bbox 1046 2826 1136 2853; x_wconf 91' lang='lat' dir='ltr'>non</span> <span class='ocrx_word' id='word_1_255' title='bbox 1179 2826 1275 2852; x_wconf 90' lang='lat' dir='ltr'>esse</span> <span class='ocrx_word' id='word_1_256' title='bbox 1309 2825 1386 2852; x_wconf 90' lang='lat' dir='ltr'>eos</span> <span class='ocrx_word' id='word_1_257' title='bbox 1418 2811 1708 2854; x_wconf 70' lang='lat' dir='ltr'>Mithridatis</span> <span class='ocrx_word' id='word_1_258' title='bbox 1738 2812 1875 2863; x_wconf 86' lang='lat' dir='ltr'>cives,</span> 
     </span>
     <span class='ocr_line' id='line_1_45' title="bbox 281 2890 1876 2946; baseline 0.001 -14"><span class='ocrx_word' id='word_1_259' title='bbox 281 2891 357 2944; x_wconf 92' lang='lat' dir='ltr'>qui</span> <span class='ocrx_word' id='word_1_260' title='bbox 390 2905 470 2945; x_wconf 90' lang='lat' dir='ltr'>per</span> <span class='ocrx_word' id='word_1_261' title='bbox 497 2892 587 2932; x_wconf 90' lang='lat' dir='ltr'>vim</span> <span class='ocrx_word' id='word_1_262' title='bbox 617 2892 789 2946; x_wconf 91' lang='lat' dir='ltr'>oppido</span> <span class='ocrx_word' id='word_1_263' title='bbox 817 2897 885 2933; x_wconf 91' lang='lat' dir='ltr'>est</span> <span class='ocrx_word' id='word_1_264' title='bbox 914 2892 1097 2946; x_wconf 86' lang='lat' dir='ltr'>potitus,</span> <span class='ocrx_word' id='word_1_265' title='bbox 1126 2892 1294 2932; x_wconf 92' lang='lat' dir='ltr'>indicio</span> <span class='ocrx_word' id='word_1_266' title='bbox 1321 2897 1390 2932; x_wconf 91' lang='lat' dir='ltr'>est</span> <span class='ocrx_word' id='word_1_267' title='bbox 1416 2904 1532 2940; x_wconf 89' lang='lat' dir='ltr'>eum,</span> <span class='ocrx_word' id='word_1_268' title='bbox 1561 2890 1667 2932; x_wconf 90' lang='lat' dir='ltr'>licet</span> <span class='ocrx_word' id='word_1_269' title='bbox 1690 2890 1876 2933; x_wconf 84' lang='lat' dir='ltr'>omittat</span> 
     </span>
     <span class='ocr_line' id='line_1_46' title="bbox 280 2970 1872 3025; baseline 0.003 -15"><span class='ocrx_word' id='word_1_270' title='bbox 280 2970 488 3024; x_wconf 88' lang='lat' dir='ltr'>virgulas,</span> <span class='ocrx_word' id='word_1_271' title='bbox 522 2984 638 3024; x_wconf 88' lang='lat' dir='ltr'>quae</span> <span class='ocrx_word' id='word_1_272' title='bbox 669 2972 791 3024; x_wconf 90' lang='lat' dir='ltr'>apud</span> <span class='ocrx_word' id='word_1_273' title='bbox 826 2971 1155 3025; x_wconf 92' lang='lat' dir='ltr'>Nipperdeium</span> <span class='ocrx_word' id='word_1_274' title='bbox 1188 2976 1291 3025; x_wconf 92' lang='lat' dir='ltr'>post</span> <span class='ocrx_word' id='word_1_275' title='bbox 1322 2970 1594 3013; x_wconf 74' lang='lat' dir='ltr'>Mithridate</span> <span class='ocrx_word' id='word_1_276' title='bbox 1625 2975 1670 3011; x_wconf 92' lang='lat' dir='ltr'>et</span> <span class='ocrx_word' id='word_1_277' title='bbox 1701 2970 1872 3016; x_wconf 75' lang='lat' dir='ltr'>animos</span> 
     </span>
    </p>
   </div>
  </div>
 </body>
</html>
