2040 3412
897 312 977 355 143

58 420 106 482 ἵῇ
128 419 308 464 Rubrio
349 419 525 462 crimini
569 420 764 462 dabatur
806 420 1027 462 violatum
1064 416 1261 476 periurio
1294 435 1462 463 numen
1494 420 1737 476 Augusti.”

191 499 337 543 Vides
364 499 488 554 quod
516 500 575 541 sit
602 513 772 541 novum
800 499 910 542 illud
938 514 1103 555 genus;
1122 500 1346 543 famosum
1364 500 1473 543 illud
1491 502 1738 544 maiestatis

129 579 302 624 crimen
333 585 443 623 tunc
475 580 520 622 in
549 580 877 635 rempublicam
905 580 1194 623 introducere
1222 582 1409 637 quidam
1437 582 1588 624 conati
1616 588 1735 634 sunt,

73 661 255 717 ‘rquod
296 666 459 716 postea
500 666 571 702 tot
612 661 829 711 insontes,
874 661 1050 703 nobiles
1091 667 1230 717 atque
1273 662 1497 717 ignobiles
1534 677 1735 718 pessum-

62 683 272 798 ij}‚dedit.
306 740 427 797 Quid
462 756 571 784 vero
603 742 827 794 Tiberius,
859 743 1044 798 cognita
1077 757 1197 785 nova
1223 744 1500 795 adulatione,
1530 758 1620 800 qua
1647 744 1735 787 cal-

75 820 208 873 vlidi
249 821 458 866 homines
501 829 743 878 quaestum
783 823 868 865 sibi
911 823 1147 866 instituere
1190 825 1343 867 conati
1378 824 1511 867 sunt?
1544 825 1734 881 Scripsit

87 921 99 933 τ
128 903 410 946 consulibus:

192 984 325 1039 „Non
367 984 472 1027 ideo
514 985 749 1026 decretum
791 977 909 1039 patri
951 999 1034 1027 suo
1076 975 1282 1037 caelum,¹
1309 991 1358 1028 ut
1401 986 1447 1028 in
1480 987 1729 1042 perniciem

62 1064 296 1122 f„-⁴civium
327 1065 364 1106 is
395 1065 542 1107 honor
574 1070 839 1106 verteretur.
874 1057 1078 1107 Cassium
1111 1065 1379 1108 histrionem
1406 1066 1589 1109 solitum
1617 1068 1734 1110 inter

40 1134 81 1191 2:2²
127 1144 240 1199 alios
271 1145 475 1188 eiusdem
509 1143 866 1187 artis'interesse
899 1145 1030 1196 ludis,
1065 1160 1179 1201 quos
1211 1152 1357 1188 mater
1382 1161 1462 1189 sua
1490 1147 1534 1189 in
1564 1161 1735 1189 memo-

49 1230 96 1294 fs]
126 1224 240 1269 riam
287 1224 486 1280 Augusti
533 1231 776 1276 sacrasset3
827 1239 911 1267 nec
960 1232 1120 1268 contra
1167 1226 1408 1282 religiones
1456 1227 1566 1278 fieri,
1609 1229 1733 1282 quod

46 1292 69 1347 1Ὺ
118 1306 307 1361 effigies,
341 1307 451 1356 eius,
493 1311 543 1347 ut
581 1305 669 1348 alia
701 1307 937 1348 numinum
970 1306 1222 1357 simulacra,
1257 1308 1599 1350 venditionibus
1631 1307 1734 1350 hor-

126 1391 279 1429 torum
316 1392 363 1429 et
395 1387 615 1428 domuum
648 1387 885 1428 accedant.
920 1387 1236 1429 Iusiurandum
1270 1389 1460 1443 perinde
1493 1389 1735 1431 aestiman-

127 1467 252 1518 dum,
293 1480 432 1522 quam
469 1467 505 1508 si
539 1467 696 1508 Iovem
730 1466 980 1509 fefellisset:
1016 1469 1205 1510 deorum
1238 1469 1420 1510 iniurias
1454 1469 1522 1511 dis
1555 1469 1732 1511 curae.”

188 1547 400 1590 Potuitne
433 1547 685 1602 quidquam
718 1547 790 1589 vel
824 1549 1001 1603 optimo
1033 1549 1309 1603 imperatore
1337 1549 1517 1604 dignius
1545 1564 1730 1605 respon-

127 1628 238 1680 deri,
259 1629 520 1684 ,quidquam
548 1629 810 1684 sapientius,
840 1628 1122 1679 clementius,
1152 1629 1316 1680 mitius,
1347 1630 1597 1684 quidquam
1625 1645 1731 1672 con-

125 1709 319 1763 stantius
360 1709 577 1751 adversus
619 1708 719 1750 illos
753 1709 956 1751 omnium
990 1710 1312 1764 imperantium
1346 1724 1478 1752 veros
1510 1711 1730 1761 inimicos,

30 1789 204 1844 ·-=-qui
245 1801 324 1830 eos
360 1788 550 1830 abiectis
583 1788 935 1839 adulationibus,
970 1790 1078 1831 dum
1112 1789 1321 1831 attollere
1355 1790 1580 1841 videntur,
1614 1791 1732 1832 ultro

124 1869 171 1912 in
203 1882 423 1926 praeceps
456 1868 665 1925 rapiunt?
698 1869 873 1924 Quodsi
906 1875 1005 1911 tota
1037 1870 1150 1912 haec
1183 1870 1377 1926 epistola
1410 1873 1732 1913 tantummodo

124 1951 404 1994 documento
451 1956 583 2001 esset,
630 1956 802 2005 quanta
844 1950 1015 1992 Tiberii
1059 1951 1249 1992 vixdum
1294 1951 1532 2006 imperium
1575 1952 1732 2006 adepti

43 2020 62 2091 ὲ,
124 2031 282 2074 fuisset
309 2032 578 2087 prudentia,
593 2045 823 2086 quamque
850 2031 1073 2085 sagaciter
1100 2031 1210 2085 quid
1237 2031 1322 2072 sibi
1351 2032 1588 2073 vitandum
1613 2037 1732 2073 esset

122 2113 444 2169 perspexisset,
488 2118 643 2154 tamen
687 2111 759 2154 vel
803 2113 890 2153 hoc
934 2112 1118 2153 nomine
1165 2125 1443 2166 magnopere
1487 2117 1605 2153 esset
1638 2111 1730 2153 lau-

124 2193 290 2236 danda.
334 2192 457 2248 Quid
501 2207 610 2234 vero
653 2191 868 2234 Tacitus?
911 2191 958 2234 Si
997 2192 1109 2233 haec
1143 2192 1476 2246 praemisisset:
1510 2191 1598 2234 hoc
1631 2206 1732 2234 nar·

56 2266 59 2268 ³
123 2274 311 2317 rationis
343 2287 450 2316 suae
484 2288 582 2315 esse
616 2273 854 2315 consilium

189 2361 264 2410 „ut
306 2355 471 2410 quibus
502 2355 642 2396 initiis
672 2354 989 2409 gravissimum
1021 2353 1213 2393 exitium
1247 2353 1489 2407 irrepserit,
1525 2353 1631 2394 dein
1664 2366 1731 2394 re-

3 2428 7 2443 ⁵
122 2449 328 2491 pressum
361 2435 432 2486 sit,
466 2440 699 2490 postremo
727 2434 884 2476 arserit
912 2437 1168 2487 cunctaque
1196 2433 1462 2487 corripuerit
1489 2432 1730 2474 noscatur'’

39 2509 68 2538 ,α
123 2516 359 2572 aptissimo
387 2529 488 2557 eam
516 2520 782 2557 exornasset
810 2513 1060 2569 prooemio.
1092 2513 1225 2554 Nunc
1251 2526 1359 2554 vero
1384 2526 1475 2554 non
1498 2512 1611 2554 haec
1632 2513 1730 2554 sola

55 2607 58 2609 ·
123 2583 316 2651 scripsit,
359 2597 440 2638 sed
483 2601 589 2651 post
630 2596 773 2638 initiis
813 2594 1001 2636 inseruit
1039 2594 1177 2635 etiam
1209 2601 1376 2648 quanta
1415 2593 1585 2636 Tiberii
1613 2602 1726 2643 arte,

44 2674 65 2704 2*
124 2681 170 2718 et
211 2676 275 2718 sic
318 2676 515 2733 primum
556 2676 654 2731 ipse
692 2676 778 2717 sibi
811 2674 1087 2729 obloquitur,
1122 2687 1227 2715 nam
1260 2673 1384 2716 nullo
1417 2674 1556 2716 modo
1588 2674 1728 2716 verba

43 2756 69 2803 j
124 2763 377 2812 repressum
418 2757 479 2799 sit
520 2762 567 2797 et
607 2764 774 2810 quanta
813 2755 983 2797 Tiberii
1011 2762 1105 2797 arte
1137 2755 1254 2795 inter
1284 2768 1332 2796 se
1366 2755 1595 2796 conciliari
1628 2768 1729 2809 pos-

122 2841 250 2879 sunt:
275 2837 491 2893 repressit
516 2837 637 2879 haud
666 2837 804 2879 dubie
832 2836 877 2877 in
905 2836 1162 2890 praesentia
1180 2835 1412 2876 exitiabile
1430 2835 1540 2877 illud
1559 2835 1727 2877 malum

123 2916 345 2968 Tiberius,
389 2918 512 2972 quod
557 2932 647 2959 non
691 2918 809 2960 artis
851 2917 892 2972 (i.
927 2930 966 2957 e.
1010 2916 1178 2957 fraudis
1219 2921 1357 2969 atque
1391 2915 1610 2971 fallaciae)
1646 2922 1728 2967 est,

51 3006 67 3040 i:
122 2997 202 3040 sed
234 2998 442 3052 egregiae
476 2999 745 3053 prudentiae
780 3010 1049 3052 magnuma
1078 2995 1311 3050 republica
1337 2997 1586 3038 avertentis
1613 2998 1730 3052 peri-
