<?xml version="1.0" encoding="UTF-8"?>
<!DOCTYPE html PUBLIC "-//W3C//DTD XHTML 1.0 Transitional//EN"
    "http://www.w3.org/TR/xhtml1/DTD/xhtml1-transitional.dtd">
<html xmlns="http://www.w3.org/1999/xhtml" xml:lang="en" lang="en">
 <head>
  <title>
</title>
<meta http-equiv="Content-Type" content="text/html;charset=utf-8" />
  <meta name='ocr-system' content='tesseract 3.04.00' />
  <meta name='ocr-capabilities' content='ocr_page ocr_carea ocr_par ocr_line ocrx_word'/>
</head>
<body>
  <div class='ocr_page' id='page_1' title='image "analectatacitea00hartuoft_0297.png"; bbox 0 0 2040 3412; ppageno 0'>
   <div class='ocr_carea' id='block_1_1' title="bbox 863 297 949 351">
    <p class='ocr_par' dir='ltr' id='par_1_1' title="bbox 863 297 949 351">
     <span class='ocr_line' id='line_1_1' title="bbox 863 297 949 351; baseline 0 -14"><span class='ocrx_word' id='word_1_1' title='bbox 863 297 949 351; x_wconf 90' lang='lat'>289</span> 
     </span>
    </p>
   </div>
   <div class='ocr_carea' id='block_1_2' title="bbox 101 407 1702 478">
    <p class='ocr_par' dir='ltr' id='par_1_2' title="bbox 32 407 1702 479">
     <span class='ocr_line' id='line_1_2' title="bbox 101 407 1702 478; baseline 0.002 -15.876"><span class='ocrx_word' id='word_1_2' title='bbox 101 418 250 462; x_wconf 86' lang='lat' dir='ltr'>altera</span> <span class='ocrx_word' id='word_1_3' title='bbox 297 421 474 459; x_wconf 90' lang='lat' dir='ltr'>tantum</span> <span class='ocrx_word' id='word_1_4' title='bbox 522 416 685 458; x_wconf 88' lang='lat' dir='ltr'>horum</span> <span class='ocrx_word' id='word_1_5' title='bbox 724 424 861 472; x_wconf 81' lang='lat' dir='ltr'>parte</span> <span class='ocrx_word' id='word_1_6' title='bbox 907 417 1078 472; x_wconf 86' lang='lat' dir='ltr'>aliquid</span> <span class='ocrx_word' id='word_1_7' title='bbox 1125 407 1322 470; x_wconf 78' lang='lat' dir='ltr'>additur,</span> <span class='ocrx_word' id='word_1_8' title='bbox 1366 420 1554 475; x_wconf 84' lang='lat' dir='ltr'>ignavos</span> <span class='ocrx_word' id='word_1_9' title='bbox 1597 421 1702 478; x_wconf 88' lang='lat' dir='ltr'>fuga</span> 
     </span>
    </p>
   </div>
   <div class='ocr_carea' id='block_1_3' title="bbox 33 496 1702 554">
    <p class='ocr_par' dir='ltr' id='par_1_3' title="bbox 33 496 1702 554">
     <span class='ocr_line' id='line_1_3' title="bbox 33 496 1702 554; baseline 0.003 -15"><span class='ocrx_word' id='word_1_10' title='bbox 33 534 35 539; x_wconf 20' lang='grc' dir='ltr'><em>Α</em></span> <span class='ocrx_word' id='word_1_11' title='bbox 100 497 294 542; x_wconf 83' lang='lat' dir='ltr'>salutem</span> <span class='ocrx_word' id='word_1_12' title='bbox 327 496 586 552; x_wconf 86' lang='lat' dir='ltr'>quaesiisse,</span> <span class='ocrx_word' id='word_1_13' title='bbox 627 497 708 538; x_wconf 88' lang='lat' dir='ltr'>sed</span> <span class='ocrx_word' id='word_1_14' title='bbox 741 497 878 539; x_wconf 91' lang='lat' dir='ltr'>etiam</span> <span class='ocrx_word' id='word_1_15' title='bbox 912 498 968 539; x_wconf 92' lang='lat' dir='ltr'>de</span> <span class='ocrx_word' id='word_1_16' title='bbox 1001 498 1143 540; x_wconf 88' lang='lat' dir='ltr'>altera</span> <span class='ocrx_word' id='word_1_17' title='bbox 1176 505 1319 554; x_wconf 87' lang='lat' dir='ltr'>parte,</span> <span class='ocrx_word' id='word_1_18' title='bbox 1353 501 1410 542; x_wconf 89' lang='lat' dir='ltr'>de</span> <span class='ocrx_word' id='word_1_19' title='bbox 1443 501 1702 544; x_wconf 90' lang='lat' dir='ltr'>fortioribus</span> 
     </span>
    </p>
   </div>
   <div class='ocr_carea' id='block_1_4' title="bbox 71 571 1702 637">
    <p class='ocr_par' dir='ltr' id='par_1_4' title="bbox 71 571 1702 637">
     <span class='ocr_line' id='line_1_4' title="bbox 71 571 1702 637; baseline 0.004 -19"><span class='ocrx_word' id='word_1_20' title='bbox 71 571 228 622; x_wconf 21' lang='lat' dir='ltr'>*inter‘</span> <span class='ocrx_word' id='word_1_21' title='bbox 259 578 525 627; x_wconf 85' lang='lat' dir='ltr'>Germanos,</span> <span class='ocrx_word' id='word_1_22' title='bbox 567 577 792 619; x_wconf 91' lang='lat' dir='ltr'>edocendi</span> <span class='ocrx_word' id='word_1_23' title='bbox 834 592 1001 620; x_wconf 89' lang='lat' dir='ltr'>sumus.</span> <span class='ocrx_word' id='word_1_24' title='bbox 1051 579 1335 622; x_wconf 87' lang='lat' dir='ltr'>Habebimus</span> <span class='ocrx_word' id='word_1_25' title='bbox 1376 581 1476 631; x_wconf 91' lang='lat' dir='ltr'>hoc,</span> <span class='ocrx_word' id='word_1_26' title='bbox 1518 583 1554 623; x_wconf 91' lang='lat' dir='ltr'>si</span> <span class='ocrx_word' id='word_1_27' title='bbox 1597 589 1702 637; x_wconf 92' lang='lat' dir='ltr'>post</span> 
     </span>
    </p>
   </div>
   <div class='ocr_carea' id='block_1_5' title="bbox 34 657 1703 716">
    <p class='ocr_par' dir='ltr' id='par_1_5' title="bbox 34 657 1703 716">
     <span class='ocr_line' id='line_1_5' title="bbox 34 657 1703 716; baseline 0.001 -14"><span class='ocrx_word' id='word_1_28' title='bbox 34 658 45 710; x_wconf 60' lang='grc' dir='ltr'>ἶ</span> <span class='ocrx_word' id='word_1_29' title='bbox 105 658 351 702; x_wconf 84' lang='lat' dir='ltr'>Germanos</span> <span class='ocrx_word' id='word_1_30' title='bbox 391 658 574 713; x_wconf 83' lang='lat' dir='ltr'>plenam</span> <span class='ocrx_word' id='word_1_31' title='bbox 618 657 959 699; x_wconf 83' lang='lat' dir='ltr'>distinctionem</span> <span class='ocrx_word' id='word_1_32' title='bbox 1002 660 1295 713; x_wconf 86' lang='lat' dir='ltr'>posuerimus,</span> <span class='ocrx_word' id='word_1_33' title='bbox 1341 666 1387 702; x_wconf 91' lang='lat' dir='ltr'>et</span> <span class='ocrx_word' id='word_1_34' title='bbox 1420 667 1524 716; x_wconf 91' lang='lat' dir='ltr'>post</span> <span class='ocrx_word' id='word_1_35' title='bbox 1546 662 1703 716; x_wconf 80' lang='lat' dir='ltr'>fuerit</span> 
     </span>
    </p>
   </div>
   <div class='ocr_carea' id='block_1_6' title="bbox 26 732 1702 784">
    <p class='ocr_par' dir='ltr' id='par_1_6' title="bbox 26 732 1702 784">
     <span class='ocr_line' id='line_1_6' title="bbox 26 732 1702 784; baseline 0.001 -1"><span class='ocrx_word' id='word_1_36' title='bbox 26 732 35 742; x_wconf 22' lang='grc' dir='ltr'>ζ</span> <span class='ocrx_word' id='word_1_37' title='bbox 100 739 419 783; x_wconf 86' lang='lat' dir='ltr'>inseruerimus</span> <span class='ocrx_word' id='word_1_38' title='bbox 450 739 651 780; x_wconf 85' lang='lat' dir='ltr'>cecidisse</span> <span class='ocrx_word' id='word_1_39' title='bbox 682 738 877 780; x_wconf 90' lang='lat' dir='ltr'>aliumve</span> <span class='ocrx_word' id='word_1_40' title='bbox 910 739 1183 781; x_wconf 91' lang='lat' dir='ltr'>infinitivum</span> <span class='ocrx_word' id='word_1_41' title='bbox 1217 740 1260 781; x_wconf 89' lang='lat' dir='ltr'>in</span> <span class='ocrx_word' id='word_1_42' title='bbox 1295 742 1488 783; x_wconf 90' lang='lat' dir='ltr'>eandem</span> <span class='ocrx_word' id='word_1_43' title='bbox 1521 748 1702 784; x_wconf 86' lang='lat' dir='ltr'>senten-</span> 
     </span>
    </p>
   </div>
   <div class='ocr_carea' id='block_1_7' title="bbox 100 818 1699 879">
    <p class='ocr_par' dir='ltr' id='par_1_7' title="bbox 100 818 1699 879">
     <span class='ocr_line' id='line_1_7' title="bbox 100 818 1699 879; baseline 0.001 -16"><span class='ocrx_word' id='word_1_44' title='bbox 100 820 235 863; x_wconf 84' lang='lat' dir='ltr'>tiam:</span> <span class='ocrx_word' id='word_1_45' title='bbox 267 825 314 861; x_wconf 92' lang='lat' dir='ltr'>et</span> <span class='ocrx_word' id='word_1_46' title='bbox 335 825 490 861; x_wconf 88' lang='lat' dir='ltr'>tamen</span> <span class='ocrx_word' id='word_1_47' title='bbox 518 818 640 860; x_wconf 90' lang='lat' dir='ltr'>fusos</span> <span class='ocrx_word' id='word_1_48' title='bbox 666 818 937 879; x_wconf 86' lang='lat' dir='ltr'>Germanos:</span> <span class='ocrx_word' id='word_1_49' title='bbox 966 820 1089 874; x_wconf 93' lang='lat' dir='ltr'>quod</span> <span class='ocrx_word' id='word_1_50' title='bbox 1117 820 1293 862; x_wconf 88' lang='lat' dir='ltr'>roboris</span> <span class='ocrx_word' id='word_1_51' title='bbox 1322 821 1466 871; x_wconf 89' lang='lat' dir='ltr'>fuerit,</span> <span class='ocrx_word' id='word_1_52' title='bbox 1486 823 1699 874; x_wconf 78' lang='lat' dir='ltr'>cecidisse,</span> 
     </span>
    </p>
   </div>
   <div class='ocr_carea' id='block_1_8' title="bbox 689 894 1700 954">
    <p class='ocr_par' dir='ltr' id='par_1_8' title="bbox 689 894 1700 954">
     <span class='ocr_line' id='line_1_8' title="bbox 689 894 1700 954; baseline 0.005 -15"><span class='ocrx_word' id='word_1_53' title='bbox 689 897 699 916; x_wconf 93' lang='lat'>’</span> <span class='ocrx_word' id='word_1_54' title='bbox 750 899 820 940; x_wconf 91' lang='lat' dir='ltr'>En</span> <span class='ocrx_word' id='word_1_55' title='bbox 865 894 1131 941; x_wconf 90' lang='lat' dir='ltr'>brevissimo</span> <span class='ocrx_word' id='word_1_56' title='bbox 1175 900 1324 954; x_wconf 90' lang='lat' dir='ltr'>spatio</span> <span class='ocrx_word' id='word_1_57' title='bbox 1356 902 1442 943; x_wconf 91' lang='lat' dir='ltr'>tria</span> <span class='ocrx_word' id='word_1_58' title='bbox 1475 902 1700 944; x_wconf 89' lang='lat' dir='ltr'>vocabula</span> 
     </span>
    </p>
   </div>
   <div class='ocr_carea' id='block_1_9' title="bbox 99 898 1701 1038">
    <p class='ocr_par' dir='ltr' id='par_1_9' title="bbox 99 898 1701 1038">
     <span class='ocr_line' id='line_1_9' title="bbox 99 898 683 957; baseline -0.007 -13"><span class='ocrx_word' id='word_1_59' title='bbox 99 913 335 957; x_wconf 84' lang='lat' dir='ltr'>superesse</span> <span class='ocrx_word' id='word_1_60' title='bbox 376 899 453 954; x_wconf 91' lang='lat' dir='ltr'>qui</span> <span class='ocrx_word' id='word_1_61' title='bbox 497 913 535 941; x_wconf 86' lang='lat' dir='ltr'>e.</span> <span class='ocrx_word' id='word_1_62' title='bbox 564 913 608 953; x_wconf 92' lang='lat' dir='ltr'>q.</span> <span class='ocrx_word' id='word_1_63' title='bbox 636 898 683 940; x_wconf 90' lang='lat' dir='ltr'>s.’</span> 
     </span>
     <span class='ocr_line' id='line_1_10' title="bbox 99 966 1701 1038; baseline 0 -13"><span class='ocrx_word' id='word_1_64' title='bbox 99 982 288 1025; x_wconf 86' lang='lat' dir='ltr'>omissa:</span> <span class='ocrx_word' id='word_1_65' title='bbox 332 994 438 1023; x_wconf 86' lang='lat' dir='ltr'>nam</span> <span class='ocrx_word' id='word_1_66' title='bbox 482 979 762 1036; x_wconf 83' lang='lat' dir='ltr'>paenultima</span> <span class='ocrx_word' id='word_1_67' title='bbox 805 980 1000 1034; x_wconf 87' lang='lat' dir='ltr'>proximi</span> <span class='ocrx_word' id='word_1_68' title='bbox 1033 981 1194 1035; x_wconf 89' lang='lat' dir='ltr'>capitis</span> <span class='ocrx_word' id='word_1_69' title='bbox 1227 966 1346 1023; x_wconf 81' lang='lat' dir='ltr'>linea</span> <span class='ocrx_word' id='word_1_70' title='bbox 1379 982 1471 1023; x_wconf 88' lang='lat' dir='ltr'>iure</span> <span class='ocrx_word' id='word_1_71' title='bbox 1507 983 1701 1038; x_wconf 90' lang='lat' dir='ltr'>Nipper-</span> 
     </span>
    </p>
   </div>
   <div class='ocr_carea' id='block_1_10' title="bbox 99 1058 1698 1118">
    <p class='ocr_par' dir='ltr' id='par_1_10' title="bbox 99 1058 1698 1118">
     <span class='ocr_line' id='line_1_11' title="bbox 99 1058 1698 1118; baseline 0 -13"><span class='ocrx_word' id='word_1_72' title='bbox 99 1058 229 1105; x_wconf 83' lang='lat' dir='ltr'>deins</span> <span class='ocrx_word' id='word_1_73' title='bbox 250 1061 528 1118; x_wconf 81' lang='lat' dir='ltr'>properabat</span> <span class='ocrx_word' id='word_1_74' title='bbox 558 1061 751 1111; x_wconf 88' lang='lat' dir='ltr'>addidit,</span> <span class='ocrx_word' id='word_1_75' title='bbox 781 1061 983 1115; x_wconf 89' lang='lat' dir='ltr'>itemque</span> <span class='ocrx_word' id='word_1_76' title='bbox 1010 1061 1154 1102; x_wconf 89' lang='lat' dir='ltr'>tribus</span> <span class='ocrx_word' id='word_1_77' title='bbox 1183 1068 1288 1103; x_wconf 90' lang='lat' dir='ltr'>ante</span> <span class='ocrx_word' id='word_1_78' title='bbox 1317 1067 1520 1104; x_wconf 88' lang='lat' dir='ltr'>nostrum</span> <span class='ocrx_word' id='word_1_79' title='bbox 1547 1063 1698 1105; x_wconf 92' lang='lat' dir='ltr'>locum</span> 
     </span>
    </p>
   </div>
   <div class='ocr_carea' id='block_1_11' title="bbox 33 1135 544 1185">
    <p class='ocr_par' dir='ltr' id='par_1_11' title="bbox 33 1135 544 1185">
     <span class='ocr_line' id='line_1_12' title="bbox 33 1135 544 1185; baseline -0.004 0"><span class='ocrx_word' id='word_1_80' title='bbox 33 1135 35 1139; x_wconf 31' lang='lat'><strong>¹</strong></span> <span class='ocrx_word' id='word_1_81' title='bbox 98 1142 228 1185; x_wconf 89' lang='lat' dir='ltr'>lineis</span> <span class='ocrx_word' id='word_1_82' title='bbox 259 1142 544 1184; x_wconf 86' lang='lat' dir='ltr'>memorabat.</span> 
     </span>
    </p>
   </div>
   <div class='ocr_carea' id='block_1_12' title="bbox 81 1220 1699 1438">
    <p class='ocr_par' dir='ltr' id='par_1_12' title="bbox 81 1220 1699 1438">
     <span class='ocr_line' id='line_1_13' title="bbox 81 1220 1032 1274; baseline -0.005 -7"><span class='ocrx_word' id='word_1_83' title='bbox 81 1233 107 1274; x_wconf 52' lang='grc' dir='ltr'>Γ</span> <span class='ocrx_word' id='word_1_84' title='bbox 158 1223 252 1268; x_wconf 89' lang='lat' dir='ltr'>Ubi</span> <span class='ocrx_word' id='word_1_85' title='bbox 285 1222 468 1265; x_wconf 91' lang='lat' dir='ltr'>dicendi</span> <span class='ocrx_word' id='word_1_86' title='bbox 501 1222 639 1263; x_wconf 89' lang='lat' dir='ltr'>finem</span> <span class='ocrx_word' id='word_1_87' title='bbox 672 1220 779 1262; x_wconf 91' lang='lat' dir='ltr'>fecit</span> <span class='ocrx_word' id='word_1_88' title='bbox 812 1220 1032 1263; x_wconf 89' lang='lat' dir='ltr'>Cerealis:</span> 
     </span>
     <span class='ocr_line' id='line_1_14' title="bbox 162 1301 862 1360; baseline -0.007 -13"><span class='ocrx_word' id='word_1_89' title='bbox 162 1302 385 1360; x_wconf 86' lang='lat' dir='ltr'>„alacrior&#39;</span> <span class='ocrx_word' id='word_1_90' title='bbox 410 1303 614 1345; x_wconf 90' lang='lat' dir='ltr'>omnium</span> <span class='ocrx_word' id='word_1_91' title='bbox 646 1301 862 1343; x_wconf 88' lang='lat' dir='ltr'>clamor.”</span> 
     </span>
     <span class='ocr_line' id='line_1_15' title="bbox 159 1382 1699 1438; baseline -0.001 -10"><span class='ocrx_word' id='word_1_92' title='bbox 159 1385 320 1428; x_wconf 88' lang='lat' dir='ltr'>Nullus</span> <span class='ocrx_word' id='word_1_93' title='bbox 349 1384 424 1426; x_wconf 89' lang='lat' dir='ltr'>hic</span> <span class='ocrx_word' id='word_1_94' title='bbox 456 1383 770 1438; x_wconf 88' lang='lat' dir='ltr'>comparativo</span> <span class='ocrx_word' id='word_1_95' title='bbox 802 1382 941 1424; x_wconf 89' lang='lat' dir='ltr'>locus.</span> <span class='ocrx_word' id='word_1_96' title='bbox 972 1382 1241 1424; x_wconf 90' lang='lat' dir='ltr'>Rectissime</span> <span class='ocrx_word' id='word_1_97' title='bbox 1271 1383 1577 1438; x_wconf 86' lang='lat' dir='ltr'>Nipperdeius</span> <span class='ocrx_word' id='word_1_98' title='bbox 1603 1384 1699 1427; x_wconf 86' lang='lat' dir='ltr'>ala·</span> 
     </span>
    </p>
   </div>
   <div class='ocr_carea' id='block_1_13' title="bbox 13 1452 1647 1520">
    <p class='ocr_par' dir='ltr' id='par_1_13' title="bbox 13 1452 1647 1520">
     <span class='ocr_line' id='line_1_16' title="bbox 13 1452 1647 1520; baseline -0.002 -10"><span class='ocrx_word' id='word_1_99' title='bbox 13 1452 15 1455; x_wconf 88' lang='lat'>.</span> <span class='ocrx_word' id='word_1_100' title='bbox 62 1487 64 1489; x_wconf 51' lang='lat'>&gt;</span> <span class='ocrx_word' id='word_1_101' title='bbox 97 1466 190 1510; x_wconf 77' lang='lat' dir='ltr'>cris</span> <span class='ocrx_word' id='word_1_102' title='bbox 219 1466 439 1508; x_wconf 82' lang='lat' dir='ltr'>restituit:</span> <span class='ocrx_word' id='word_1_103' title='bbox 473 1465 807 1520; x_wconf 87' lang='lat' dir='ltr'>suprascriptae</span> <span class='ocrx_word' id='word_1_104' title='bbox 833 1463 991 1505; x_wconf 89' lang='lat' dir='ltr'>literae</span> <span class='ocrx_word' id='word_1_105' title='bbox 1023 1478 1074 1505; x_wconf 85' lang='lat' dir='ltr'>er</span> <span class='ocrx_word' id='word_1_106' title='bbox 1107 1463 1187 1506; x_wconf 84' lang='lat' dir='ltr'>has</span> <span class='ocrx_word' id='word_1_107' title='bbox 1219 1464 1375 1506; x_wconf 86' lang='lat' dir='ltr'>turbas</span> <span class='ocrx_word' id='word_1_108' title='bbox 1408 1466 1647 1508; x_wconf 88' lang='lat' dir='ltr'>dederunt.</span> 
     </span>
    </p>
   </div>
   <div class='ocr_carea' id='block_1_14' title="bbox 0 0 72 1635">
    <p class='ocr_par' dir='ltr' id='par_1_14' title="bbox 0 0 72 1635">
     <span class='ocr_line' id='line_1_17' title="bbox 0 0 72 1635; baseline 0 0"><span class='ocrx_word' id='word_1_109' title='bbox 0 0 72 1635; x_wconf 95' lang='lat' dir='ltr'> </span> 
     </span>
    </p>
   </div>
   <div class='ocr_carea' id='block_1_15' title="bbox 1508 3091 1548 3125">
    <p class='ocr_par' dir='ltr' id='par_1_15' title="bbox 1508 3091 1548 3125">
     <span class='ocr_line' id='line_1_18' title="bbox 1508 3091 1548 3125; baseline 0 0"><span class='ocrx_word' id='word_1_110' title='bbox 1508 3091 1548 3125; x_wconf 79' lang='grc' dir='ltr'>ι9</span> 
     </span>
    </p>
   </div>
  </div>
 </body>
</html>
