2040 3412
1109 250 1187 289 182

350 370 473 410 cuius
518 370 729 410 maritum
774 369 1052 423 Argolicum,
1097 383 1303 410 socerum
1338 370 1583 420 Laconem,
1617 384 1640 411 e
1674 370 1946 425 primoribus

349 448 655 498 Achaeorum,
699 449 863 491 Caesar
905 449 1149 490 afflixerat:
1184 455 1313 503 pater
1345 463 1540 504 quoque,
1575 450 1773 492 inlustris
1805 463 1944 504 eques

352 529 596 576 Romanus,
626 543 678 570 ac
707 529 843 591 frater
872 530 1136 583 praetorius,
1165 543 1267 571 cum
1296 530 1528 571 damnatio
1557 531 1758 580 instaret,
1785 543 1832 572 se
1860 530 1946 585 ipsi

352 609 631 650 interfecere.
688 610 857 650 Datum
891 615 988 650 erat
1021 610 1208 659 crimini,
1244 610 1366 664 quod
1401 610 1731 665 Theophanem
1766 608 1946 664 Mytile-

354 702 530 738 naeum,
565 703 788 743 proavum
818 689 1098 739 eorum„Cn.
1128 690 1320 743 Magnus
1346 690 1463 731 inter
1490 690 1673 731 intimos
1701 689 1945 740 habuisset,

351 769 565 823 quodque
586 769 801 811 defuncto
820 769 1089 824 Theophani
1108 770 1324 811 caelestes
1342 770 1536 811 honores
1555 769 1728 812 Graeca
1743 770 1945 812 adulatio

348 849 611 891 tribuerat.”

409 929 721 972 Habuisset...
757 930 990 972 tribuerat.
1038 930 1271 971 Hanccine
1306 929 1498 971 feramus
1533 931 1771 972 modorum
1804 931 1944 972 varie-

350 1014 494 1050 tatem
538 1023 638 1051 cum
674 1010 730 1051 de
766 1010 941 1051 duabus
973 1015 1132 1064 agatur
1164 1010 1312 1059 rebus,
1347 1023 1462 1064 quae
1495 1023 1639 1064 aeque
1673 1015 1823 1052 certae
1855 1011 1946 1053 sint

351 1088 570 1142 utraque?
619 1090 765 1131 Immo
809 1091 1023 1132 tribueret
1063 1089 1175 1144 lege,
1220 1091 1282 1131 sic
1327 1095 1372 1131 et
1414 1090 1634 1131 sermonis
1675 1090 1861 1144 puritati
1899 1094 1947 1132 et

351 1169 564 1210 historiae
598 1170 776 1211 veritati
810 1171 1065 1211 consultum
1101 1171 1198 1211 erit.
1248 1170 1324 1211 An
1358 1170 1595 1211 credamus
1627 1169 1825 1212 Graecos
1855 1170 1945 1213 iam

351 1255 447 1290 tum
493 1250 676 1290 desiisse
719 1251 763 1290 in
807 1264 973 1305 magno
1016 1250 1183 1291 habere
1226 1250 1350 1291 illum
1397 1249 1727 1304 Theophanem
1759 1249 1945 1301 honore,

352 1329 427 1382 qui
461 1335 567 1370 ante
601 1335 782 1370 centum
817 1329 907 1371 fere
941 1343 1083 1371 annos
1116 1331 1314 1384 ipsorum
1350 1330 1655 1384 prospexisset
1688 1329 1917 1372 libertati?

1620 1438 1636 1454 ,
1728 1454 1730 1456 .

415 1470 473 1511 Α.
504 1470 584 1520 VI,
615 1481 683 1511 22.
711 1470 829 1512 Satis
847 1470 1027 1525 longam
1047 1471 1103 1512 de
1122 1470 1401 1512 divinatione
1420 1470 1790 1525 disputationem,
1807 1484 1946 1526 quam

353 1551 597 1592 narrationi
627 1552 682 1591 de
712 1550 951 1605 Thrasyllo
981 1551 1165 1605 eiusque
1196 1551 1418 1592 vaticiniis
1446 1551 1662 1600 annectit,
1680 1551 1744 1592 sic
1762 1550 1948 1594 Tacitus
2018 1570 2040 1601 ,-

352 1629 543 1671 claudit:
2031 1610 2040 1620 ²

419 1709 627 1764 „Quippe
660 1724 685 1751 a
722 1710 813 1751 filio
847 1711 1049 1752 eiusdem
1083 1710 1308 1765 Thrasylli
1338 1711 1620 1765 praedictum
1649 1711 1842 1753 Neronis
1868 1713 1951 1754 im-

355 1791 529 1845 perium
574 1791 618 1831 in
661 1796 868 1845 tempore
913 1791 1249 1840 memorabitur,
1294 1805 1350 1832 ne
1395 1805 1513 1833 nunc
1558 1792 1741 1846 incepto
1773 1791 1951 1847 longius

353 1870 585 1911 abierim.”

413 1950 530 1991 Illud
565 1965 615 1991 ne
648 1950 834 1992 abierim
868 1964 957 1991 non
992 1956 1143 2004 potest
1174 1950 1304 1991 aliter
1337 1951 1519 1992 defendi
1553 1965 1689 2014 quam
1720 1952 1783 1993 sic
1816 1957 1865 1993 ut
1891 1952 1950 1995 sit

354 2031 474 2071 idern
515 2030 638 2084 quod
671 2045 722 2071 ne
752 2031 911 2071 abiisse
942 2045 1127 2072 censear.
1178 2030 1267 2072 Sed
1303 2045 1358 2071 ne
1391 2031 1454 2072 sic
1487 2032 1762 2086 accipiamus
1793 2031 1946 2075 obstat
2026 2067 2040 2103 ἡ

352 2110 617 2151 abverbium
650 2124 782 2151 nunc:
817 2111 910 2151 sive
944 2111 1063 2151 enirn
1096 2112 1213 2151 iusto
1247 2111 1423 2164 longius
1455 2125 1480 2151 a
1514 2111 1748 2173 proposito
1781 2112 1945 2153 disces-

351 2190 472 2238 sisse,
507 2190 600 2230 sive
635 2191 679 2230 in
714 2190 1013 2243 digrediendo
1045 2191 1211 2231 iustum
1244 2191 1507 2231 observasse
1542 2191 1727 2232 modum
1761 2190 1947 2233 Tacitus
2019 2164 2040 2267 Ξ

352 2270 622 2319 censebitur,
668 2276 881 2311 eventum
914 2271 1003 2311 iam
1035 2284 1088 2311 ea
1122 2284 1191 2311 res
1223 2271 1361 2311 habet
1395 2284 1542 2324 neque
1577 2271 1739 2312 mutari
1776 2262 1944 2326 potest,

352 2349 527 2390 etiamsi
572 2363 708 2402 quam
754 2350 947 2403 primum
991 2350 1273 2405 digrediendi
1317 2350 1453 2391 finem
1497 2350 1644 2391 faciat.
1695 2350 1856 2405 Neque
1899 2351 1944 2392 in
2025 2293 2040 2375 ξ

354 2428 472 2469 hunc
500 2429 649 2470 locum
678 2430 871 2483 quadrat
900 2430 1032 2471 illud:
1067 2431 1136 2482 „in
1165 2426 1401 2484 tempore”
1430 2431 1492 2471 ait
1525 2430 1658 2483 „illud
1686 2431 1744 2472 de
1763 2431 1944 2473 Nerone
2018 2413 2040 2517 i

352 2508 809 2551 commemorabitur’'
855 2510 880 2550 i.
901 2523 938 2549 e.
984 2515 1100 2550 nunc
1144 2509 1264 2550 illam
1299 2523 1392 2550 rem
1427 2509 1599 2559 differo,
1633 2523 1768 2564 quam
1801 2510 1837 2551 si
1870 2509 1943 2551 hic
2012 2517 2040 2566 ..ᾖ

352 2587 520 2628 addere
561 2588 724 2629 vellem
767 2589 883 2629 iusto
926 2588 1101 2642 longius
1145 2589 1231 2629 hoc
1265 2588 1391 2629 fieret
1428 2586 1673 2639 ἐπειόόδιοη
1709 2589 1755 2630 id
1787 2594 1941 2630 autem
1991 2523 2040 2650 a}

352 2666 480 2706 nolo:
521 2667 650 2718 „nolo
683 2682 794 2709 nunc
827 2668 884 2708 ab
918 2668 1101 2722 incepto
1134 2668 1309 2721 longius
1341 2668 1510 2709 abire.'’
1546 2668 1807 2722 Requirjtur
1833 2680 1942 2722 ergo
1998 2626 2040 2747 {i

353 2759 443 2785 non
477 2746 662 2787 abierim
697 2761 852 2787 verum
880 2748 1044 2796 abeam,
1073 2748 1151 2788 sed
1181 2748 1395 2801 quoniam
1424 2748 1508 2790 hoc
1536 2747 1729 2788 traditae
1757 2747 1940 2789 lectioni
1984 2739 2034 2807 ’ἰᾷ-,ἶ

353 2838 510 2877 parum
558 2826 701 2867 simile
750 2833 839 2875 est,
898 2827 1067 2868 leniore
1117 2828 1435 2868 emendatione
1483 2826 1727 2881 legendum
1774 2838 1938 2869 censeo

352 2904 565 2946 aberrem.
1592 2888 1596 2891 ὓ
2009 2891 2018 2902 ⁴
