2040 3412
905 310 986 353 139

202 418 263 462 Et
306 432 363 460 ne
407 423 620 473 putemus
662 418 873 461 Taciturn
918 418 1027 461 illud
1070 416 1308 461 consilium
1350 432 1477 460 suam
1509 418 1745 472 socerique

141 498 431 556 prudentiam
475 499 854 554 modestiamque,
898 513 1008 554 prae
1046 498 1329 553 „Stoicorum
1362 500 1550 541 istorum
1584 500 1746 541 intem-

61 557 93 631 ³³
139 579 319 636 pestiva
349 578 603 634 sapientia⁹⁹
636 579 887 621 extollendi
920 580 1146 630 omittere,
1174 593 1277 621 cum
1306 580 1363 622 de
1391 579 1563 621 Tiberii
1589 579 1746 621 scribit

58 638 90 715 ³⁹4
140 665 365 716 tempore,
383 648 496 706 haec
514 660 853 702 consideremus
872 661 1011 702 verba
1028 674 1086 702 ex
1104 659 1192 703 IV⁰
1209 660 1324 702 libro
1342 660 1592 702 Annalium
1610 674 1648 702 c.
1669 671 1744 703 20:

11 737 15 739 ’
147 764 149 766 -
205 740 367 792 ,Hunc
400 753 486 796 ego
521 740 752 796 Lepidum
780 741 1064 795 temporibus
1091 741 1176 783 illis
1202 755 1388 796 gravem
1417 746 1463 782 et
1490 738 1745 796 sapientem

141 821 288 865 virum
315 820 450 863 fuisse
477 810 748 876 comperior,
777 835 883 863 nam
910 821 1126 877 pleraque
1153 822 1212 864 ab
1240 822 1386 864 saevis
1408 822 1746 864 adulationibus

0 893 1 929 3
62 904 97 954 ἐξ
137 901 330 945 aliorum
362 901 407 942 in
443 900 602 957 melius
634 901 774 943 flexit.
809 902 971 957 Neque
1003 908 1158 944 tamen
1185 903 1535 958 temperamenti
1564 903 1744 958 egebat,

141 995 246 1027 cum
287 981 515 1037 aequabili
557 977 834 1035 auctoritate
871 988 917 1024 et
948 984 1094 1038 gratia
1125 989 1237 1038 aput
1268 975 1502 1025 Tiberium
1535 984 1743 1038 viguerit.

142 1062 279 1110 Unde
322 1063 530 1106 dubitare
574 1076 727 1118 cogor,
768 1063 862 1105 fato
904 1069 950 1105 et
983 1058 1104 1106 sorte
1138 1064 1367 1114 nascendi,
1401 1070 1451 1106 ut
1483 1069 1648 1114 cetera,
1682 1064 1746 1106 ita

136 1144 397 1201 principum
439 1143 673 1186 inclinatio
716 1145 761 1186 in
803 1145 900 1195 hos,
943 1145 1133 1187 offensio
1166 1146 1212 1187 in
1245 1145 1358 1196 illos,
1392 1159 1450 1187 an
1483 1146 1540 1187 sit
1572 1145 1744 1200 aliquid

43 1232 66 1262 ἱ.
103 1267 108 1292 ὦ
139 1225 185 1268 in
217 1220 383 1268 nostris
415 1224 613 1266 consiliis
645 1224 871 1280 liceatque
905 1226 1022 1267 inter
1054 1226 1296 1281 abruptam
1329 1227 1665 1268 contumaciam
1699 1232 1745 1268 et

139 1305 344 1349 deforme
361 1305 632 1360 obsequium
651 1320 840 1360 pergere
859 1307 943 1347 iter
954 1307 1205 1348 ambitione
1217 1321 1270 1348 ac
1283 1306 1494 1362 periculis
1507 1305 1744 1348 vacuum.”

200 1386 476 1442 Unquamne
509 1387 624 1427 duos
657 1386 795 1437 locos,
826 1387 1005 1428 diverso
1033 1393 1242 1442 tempore
1268 1387 1475 1442 scriptos,
1504 1392 1598 1429 tam
1626 1387 1746 1428 inter

138 1480 187 1509 se
218 1472 440 1523 cognatos
467 1467 625 1508 *vidisti
658 1481 796 1521 quam
829 1468 948 1509 hunc
981 1468 1039 1509 de
1067 1468 1140 1509 via
1169 1468 1320 1509 media
1346 1468 1572 1509 tutissima
1599 1467 1744 1510 illum-

140 1560 230 1602 que
266 1561 326 1589 ex
358 1547 575 1602 Agricola
608 1548 665 1589 de
699 1548 874 1602 magnis
908 1548 1027 1598 viris,
1063 1549 1140 1602 qui
1173 1549 1311 1590 etiam
1344 1548 1428 1590 sub
1461 1548 1590 1590 malis
1624 1548 1743 1603 prin-

141 1628 319 1684 cipibus
355 1629 442 1670 tuti
481 1627 674 1671 fuerint?
709 1629 770 1670 Et
802 1643 955 1671 nonne
989 1629 1246 1684 utrobique,
1279 1635 1515 1684 tamquam
1550 1631 1594 1671 in
1627 1635 1747 1672 tran-

36 1763 39 1770 ,
85 1696 88 1698 Ὺ
139 1709 243 1760 situ,
286 1708 651 1764 perstringuntur
697 1708 898 1763 „insani”
936 1709 1013 1759 illi,
1048 1710 1124 1764 qui
1157 1715 1256 1751 tota
1288 1723 1368 1752 sua
1401 1710 1495 1752 vita
1528 1724 1619 1751 non
1651 1716 1747 1752 tam

34 1779 88 1800 ³
126 1788 249 1844 quid
297 1793 416 1830 esset
463 1788 772 1830 cautissimum
822 1790 1112 1844 maximeque
1160 1790 1371 1845 periculis
1414 1804 1621 1840 vacuum,
1665 1791 1744 1832 sed

137 1869 248 1924 quid
287 1869 429 1911 virtus
472 1870 763 1924 officiumque
805 1883 935 1911 suum
969 1870 1221 1925 postularet
1253 1869 1541 1925 rogaverint?
1576 1871 1745 1912 Laetus

123 1958 185 1992 'se
227 1949 466 2004 aequalem
508 1949 705 2004 aliquem
740 1950 927 1992 Tiberio
961 1951 1187 1992 invenisse
1214 1950 1494 2006 Agricolam,
1528 1965 1581 1992 ea
1614 1965 1744 1993 occa-

134 2030 262 2071 sione
305 2030 444 2072 utitur
487 2030 702 2072 dilectam
746 2031 869 2072 illam
910 2031 996 2072 sibi
1039 2031 1299 2086 proferendi
1341 2032 1742 2086 reprehensionem

139 2122 295 2152 eorum
333 2100 547 2161 virorum,
582 2111 639 2152 de
673 2111 838 2165 quibus
871 2112 1071 2166 cogitare
1105 2126 1195 2153 non
1230 2118 1383 2167 potest
1417 2113 1524 2166 quin
1559 2126 1742 2167 compa-

138 2190 362 2232 rationem
392 2196 614 2232 vereatur.
645 2191 862 2233 Fueritne
891 2192 1076 2233 Tiberio
1106 2193 1358 2247 imperante
1387 2194 1549 2234 eadem
1577 2191 1742 2234 Stoicis

137 2270 316 2313 virtutis
343 2285 450 2313 suae
477 2273 779 2314 ostentandae
807 2273 987 2314 occasio
1014 2286 1130 2327 quae
1157 2273 1241 2314 sub
1271 2273 1551 2322 Domitiano,
1580 2287 1740 2327 parum

137 2356 278 2401 curat,
322 2350 395 2393 vel
436 2352 589 2406 potius
630 2351 770 2394 talem
812 2366 892 2394 sua
935 2353 1193 2394 narratione
1231 2353 1402 2400 Tiberii
1434 2353 1740 2408 principatum

131 2422 268 2486 'fingit
309 2437 358 2473 ut
398 2431 524 2473 locus
566 2432 624 2473 sit
661 2432 707 2473 et
739 2433 883 2474 cautis
916 2433 1177 2474 hominibus
1209 2447 1436 2474 summum
1469 2434 1591 2475 vitae
1624 2435 1739 2488 peri-

135 2510 286 2553 culum
330 2512 443 2553 mira
478 2512 676 2566 quadam
711 2512 960 2554 vitantibus
994 2514 1235 2567 prudentia
1269 2513 1313 2555 e‘t
1352 2514 1598 2568 „abruptae
1632 2527 1738 2556 con-

134 2591 404 2634 tumaciae’'.

195 2673 458 2714 Boissierius
485 2674 530 2714 in
560 2674 753 2728 egregiis
780 2673 879 2723 illis,
907 2688 1019 2728 quas
1048 2675 1257 2729 proximo
1285 2688 1406 2716 anno
1434 2675 1603 2730 publici
1632 2676 1737 2717 iuris

133 2751 254 2803 fecit,
282 2753 340 2794 de
365 2753 527 2795 Tacito
553 2754 938 2808 disputationibus
956 2760 1002 2796 et
1019 2755 1106 2796 alia
1123 2754 1265 2796 multa
1283 2755 1454 2810 profert
1472 2756 1736 2810 dignissima

135 2845 252 2887 quae
284 2839 493 2875 accurate
527 2834 864 2888 perpendamus
897 2840 942 2876 et
974 2834 1083 2876 hoc:
1123 2836 1439 2888 „Domitianus
1473 2849 1620 2890 neque
1654 2836 1738 2878 fuit

136 2911 285 2954 fatuus
326 2919 376 2955 ut
419 2913 636 2968 Caligula,
680 2928 828 2968 neque
872 2914 1012 2956 hebes
1054 2921 1103 2956 ut
1146 2915 1360 2958 Claudius
1373 2934 1383 2966 ;
1416 2916 1560 2957 multo
1595 2917 1738 2971 magis

136 2983 306 3035 Tiberii
347 2994 504 3036 similis
546 2994 658 3036 est.”
703 2994 809 3036 Non
841 2995 1056 3037 miramur
1087 2996 1198 3046 viro,
1231 2997 1307 3050 qui
1341 2997 1386 3038 in
1418 2996 1581 3039 Tacito
1614 3003 1738 3040 totus
