2040 3412
906 276 986 321 235

142 380 297 432 vitam,
341 396 428 425 neu
473 389 684 439 patruum
727 386 812 428 sibi
858 387 1090 431 Othonem
1128 389 1262 432 fuisse
1295 397 1372 434 aut
1406 392 1748 436 oblivisceretur

143 475 343 517 unquam
377 469 455 506 aut
488 466 677 508 nimium
710 468 1036 510 meminisset.’‘

203 542 326 585 Num
365 545 616 600 quidquam
660 547 732 588 hic
776 549 1086 591 desideratur?
1121 551 1267 593 Immo
1301 553 1453 594 omnia
1485 559 1588 596 sunt
1621 568 1748 609 prae-

142 624 422 666 stantissima
439 625 880 683 absolutissimaque.
900 630 1147 685 Postquam
1166 632 1508 675 adolescentulo
1527 636 1749 689 persuasit

141 703 187 745 in
226 707 483 759 praesentia
517 707 627 748 nihil
660 709 700 749 ei
732 723 831 750 esse
865 711 1064 764 periculi,
1100 726 1155 753 ne
1189 713 1234 753 in
1269 719 1501 767 posterum
1534 715 1630 769 ipse
1663 716 1748 758 sibi

144 784 346 840 pericula
392 793 612 841 provocet
661 788 748 830 hoc
796 803 900 831 eum
945 797 1102 833 monet
1137 799 1431 846 argumento:
1480 801 1748 848 „contentus

141 878 240 907 esse
273 871 405 920 potes
437 881 491 909 ea
523 868 761 922 dignitate,
795 883 932 924 quam
961 885 1046 925 ego
1075 872 1119 913 in
1148 878 1333 926 gentem
1362 880 1563 916 nostram
1591 875 1745 926 intuli3

143 946 253 1000 quid
286 946 370 988 tibi
390 949 608 1002 >opus.ad
642 949 804 992 altiora
836 952 1025 994 tendere
1041 951 1083 993 ?”
1118 953 1179 995 Et
1205 953 1310 996 sunt
1338 954 1410 996 hic
1439 956 1593 997 omn-ia
1619 971 1746 1011 prae·

143 1025 263 1069 clare
300 1029 559 1080 enuntiata;
595 1030 898 1085 pulcherrime
927 1047 1035 1075 vero
1067 1029 1172 1088 post
1206 1035 1391 1077 brevem
1425 1037 1746 1079 sententiolam

145 1107 280 1160 ¹‚satis
321 1109 515 1162 posteris
559 1110 812 1154 nobilitatis
854 1114 1142 1167 quaesitum'’
1174 1117 1327 1158 statim
1360 1117 1597 1160 subiicitur
1629 1118 1748 1161 clau-

140 1187 250 1238 sula,
295 1203 387 1243 qua
422 1191 770 1235 tota,allocutio
803 1193 1147 1248 quodammodo
1176 1197 1219 1238 in
1249 1211 1384 1239 unam
1418 1198 1535 1240 hanc
1570 1205 1748 1242 contra-

140 1269 262 1311 hitur
303 1271 687 1323 adhortationem,
731 1288 821 1328 qua
865 1275 974 1316 nihil
1007 1291 1214 1331 unquam
1247 1279 1304 1320 ad
1337 1279 1514 1321 animos
1547 1294 1747 1322 commo-

140 1351 316 1392 vendos
347 1351 499 1406 aptius
531 1352 638 1394 fuit:
678 1355 896 1408 „proinde
931 1363 1084 1398 erecto
1118 1359 1270 1400 animo
1304 1366 1562 1414 capesseret
1590 1361 1746 1412 vitam,

142 1443 229 1472 neu
262 1437 474 1486 patruum
507 1432 592 1474 sibi
627 1433 860 1476 Othonem
893 1435 1027 1477 fuisse
1061 1443 1138 1478 aut
1171 1438 1514 1481 oblivisceretur
1546 1455 1746 1496 unquam

141 1516 221 1553 aut
253 1512 443 1554 nimium
477 1514 805 1556 meminisset.”
838 1514 959 1570 Quid
994 1531 1101 1558 vero
1136 1518 1312 1560 codex?
1346 1520 1454 1562 Post
1481 1521 1579 1563 illa:
1614 1523 1747 1575 „satis

144 1592 319 1634 sibi...
369 1594 656 1648 quaesitum'’
706 1595 818 1638 haec
866 1598 1004 1651 etiam
1055 1600 1186 1641 nobis
1226 1601 1413 1655 ingerit:
1453 1609 1582 1657 „post
1616 1603 1753 1645 Iulios

143 1672 358 1716 Claudios
401 1673 583 1717 Servios
626 1690 673 1717 se
717 1677 914 1731 primum
957 1680 1001 1720 in
1047 1680 1262 1722 familiam
1305 1695 1471 1724 novam
1510 1684 1749 1738 imperium

139 1753 393 1805 intulisse”,·
425 1756 470 1797 in
499 1757 663 1811 quibus
692 1758 834 1800 multa
862 1761 1242 1814 reprehendenda
1266 1769 1385 1813 sunt,
1404 1765 1481 1805 vix
1499 1765 1750 1820 quidquam

140 1841 209 1878 est
240 1820 381 1889 “quod
432 1837 611 1892 probes.
663 1839 862 1881 Primum
907 1841 1184 1883 divelluntur
1231 1844 1284 1884 iis
1327 1858 1379 1885 ea
1428 1859 1544 1899 quae
1593 1847 1750 1901 utique

139 1916 370 1971 iungenda
398 1923 443 1959 et
476 1918 594 1960 inter
626 1933 674 1960 se
707 1921 1062 1975 constringenda
1095 1929 1212 1965 sunt.
1246 1924 1365 1966 Tum
1399 1939 1490 1967 non
1524 1927 1587 1968 ita
1619 1927 1749 1970 facile

139 2002 208 2038 est
241 2002 398 2051 aptum
433 1998 538 2040 inde
573 2001 826 2041 extundere
858 2015 1053 2044 sensum.
1084 2003 1205 2057 Quid
1235 2005 1356 2046 enirn
1385 2006 1493 2054 illud
1514 2013 1604 2049 est:
1637 2023 1749 2064 „ego

142 2077 314 2132 primus
346 2078 391 2120 in
425 2078 642 2121 familiam
677 2094 844 2123 novam
878 2083 1121 2137 imperium
1150 2084 1335 2126 intuli’'?
1365 2080 1532 2128 Fuitne
1561 2089 1748 2130 omnino

144 2156 342 2200 Othonis
383 2172 497 2213 gens
537 2165 633 2201 tam
672 2161 866 2204 obscura
908 2169 957 2204 ut
990 2178 1099 2218 prae
1132 2166 1295 2206 ceteris
1327 2180 1439 2208 nova
1473 2174 1596 2209 recte
1630 2169 1750 2211 dice-

145 2238 295 2280 retur?
342 2240 490 2282 Immo
539 2247 670 2296 pater
718 2243 812 2284 eius
860 2244 1084 2297 „urbanos
1122 2244 1332 2295 honores,
1377 2248 1749 2300 proconsulatum

143 2318 328 2362 Africae
356 2327 402 2363 et
435 2323 795 2365 extraordinaria
822 2325 1013 2379 imperia
1035 2358 1041 2365 .
1062 2358 1071 2366 .
1093 2358 1101 2367 .
1136 2326 1560 2369 administraverat’'
1590 2328 1750 2385 (Suet.)

141 2405 189 2441 et
231 2401 377 2455 gratia
420 2402 591 2444 Tiberii
634 2403 860 2446 floruerat.
905 2406 1024 2446 Tum
1062 2407 1173 2448 mire
1206 2413 1310 2461 post
1344 2408 1530 2450 nomina
1561 2410 1750 2463 gentilia

139 2479 282 2522 Iulios
313 2480 522 2524 Claudios
550 2483 723 2526 Galbae
744 2492 1014 2540 praenomen
1043 2486 1226 2529 Servius
1251 2488 1499 2529 subiicitur.
1520 2489 1621 2530 Hoc
1640 2504 1749 2532 vero

142 2560 515 2604 absurdissimum
549 2565 672 2618 quod
706 2579 809 2606 cum
842 2567 1043 2620 imperiis
1076 2567 1172 2617 illis,
1207 2582 1324 2622 quae
1359 2569 1458 2610 Iulii
1491 2575 1538 2611 et
1571 2570 1747 2612 Claudii

142 2654 224 2695 per
266 2641 450 2696 longam
492 2657 715 2686 annorum
760 2647 922 2687 seriem
966 2646 1275 2698 obtinuerunt,
1311 2649 1442 2703 pauci
1476 2649 1539 2691 illi
1573 2650 1747 2693 Galbae

144 2734 322 2764 menses
365 2730 716 2778 componuntur,
761 2731 997 2780 tamquam
1035 2728 1070 2768 si
1105 2728 1215 2769 nihil
1249 2730 1501 2772 interesset.
1536 2731 1747 2787 Denique

145 2802 298 2844 omnia
341 2804 644 2846 semidoctum
679 2806 880 2859 produnt
913 2807 1160 2859 hominem,
1196 2810 1321 2851 cuius
1353 2811 1526 2853 misella
1557 2819 1749 2855 annota-

145 2882 345 2924 tiuncula
392 2884 619 2926 debilitari
669 2885 844 2927 virilem
887 2888 1213 2944 robustamque
1257 2889 1452 2934 Othonis
1494 2893 1748 2936 orationem

146 2975 236 3003 non
271 2963 387 3005 ultra
421 2964 628 3006 feremus.
