2040 3412
1092 281 1150 323 42

323 389 495 432 Levem
542 402 639 430 esse
685 389 990 443 suspicionem
1035 389 1071 431 si
1114 389 1214 443 quis
1259 388 1509 438 contendit,
1554 401 1645 430 non
1688 401 1851 444 repug·

322 468 410 510 hoc
441 474 594 510 tamen
629 469 737 510 mihi
769 474 948 511 constat
979 484 1008 511 a
1038 480 1164 512 scena
1192 470 1238 511 in
1264 469 1500 511 historiam
1527 468 1662 510 letale
1689 450 1927 511 aberras*

325 547 555 600 navigium
577 546 619 601 ¹).

385 626 584 669 Omnino
626 633 750 668 amat
791 627 976 668 Tacitus
1008 627 1229 681 quidquid
1263 628 1464 668 animum
1498 626 1793 669 vehementer
1835 628 1922 681 ι.ιῇ“,,

326 707 451 755 cutit‚
486 707 707 760 quidquid
741 707 1015 750 horrendum
1042 712 1124 756 est,
1154 712 1299 756 atrOX,
1329 706 1490 756 dirum,
1519 711 1565 747 et
1592 705 1628 746 si
1657 706 1698 747 ei
1725 705 1915 761 aliqua

327 799 422 826 rem
456 785 632 827 duobus
664 786 811 826 modis
843 786 1049 840 accipere
1081 791 1128 827 et
1160 785 1388 840 explicare
1421 785 1538 835 licet,
1573 790 1623 826 ut
1653 790 1732 827 aut
1759 784 1842 827 fiat-

326 864 672 919 intelligendum
714 865 869 915 facilis,
909 865 1439 915 verisimilis,‘hominum
1472 865 1755 919 respondens

325 949 402 984 aut
445 945 569 994 mira,
613 945 805 995 insolita,
850 945 1138 995 incredibilis,
1181 945 1476 986 metuendum
1518 957 1610 986 non
1646 949 1715 986 est
1746 957 1804 987 ne
1847 948 1933 1006 ‘J

326 1025 537 1065 narrandi
569 1025 743 1066 ratione
775 1025 941 1066 omissa
973 1025 1094 1067 illam
1128 1025 1306 1080 probet.
1340 1025 1444 1079 Ipsa
1476 1023 1552 1066 illa
1584 1024 1655 1066 de·
1674 1022 1771 1067 Silii
1803 1020 1904 1067 Mi·
1910 1022 1943 1115 ῗ

326 1102 586 1158 salinaeque
619 1105 787 1159 nuptiis
819 1105 1028 1154 narratio,
1064 1118 1181 1159 quae
1212 1109 1311 1146 tota
1344 1117 1480 1158 quam
1509 1117 1668 1159 parum
1696 1102 1844 1146 credi

330 1188 448 1224 esset
489 1184 668 1238 egregie
711 1184 1041 1226 demonstravit
1079 1184 1298 1233 Naberus,
1331 1184 1507 1238 insigne
1539 1187 1777 1238 praeterea
1807 1176 1910 1235 1111

330 1263 468 1304 studii
525 1264 730 1305 continet
785 1264 1058 1319 exemplum.
1106 1263 1291 1305 Vettius
1337 1262 1521 1313 Valens,
1569 1261 1842 1305 Pentheum
1878 1250 1938 1316 «e

273 1329 277 1332 V
332 1343 561 1397 Euripidis
589 1343 776 1385 Bacchis
803 1344 1003 1385 imitatus
1031 1344 1171 1398 (quod
1199 1342 1456 1384 felicissimo
1485 1342 1692 1384 acumine
1718 1336 1869 1385 Nabe
1892 1331 1947 1405 '35'

329 1422 576 1477 perspexit)
614 1423 659 1464 in
703 1422 977 1477 „praealtam
1012 1423 1221 1464 arborem
1255 1420 1498 1464 conititur”
1531 1426 1578 1463 et
1610 1412 1945 1477 interroganr'l

330 1501 425 1550 bus,
456 1502 564 1555 quid
593 1502 815 1556 aspiceret
834 1503 1069 1556 respondit
1092 1507 1439 1556 „tempestatem
1457 1501 1516 1542 ab
1533 1500 1663 1544 Ostia
1678 1488 1947 1560 ειῒι·<)εεεει1ῒι’ῗῖ1ξτὶ>
1962 1552 1978 1556 ,ᾖ

394 1580 542 1634 „sive”
576 1581 729 1636 (ipsius
761 1581 874 1623 haec
905 1581 1052 1623 Taciti
1088 1581 1225 1622 verba
1257 1580 1377 1635 sunt)
1416 1586 1544 1634 „orta
1570 1585 1667 1622 erat
1685 1577 1726 1635 ²)
1744 1592 1799 1622 ea
1822 1588 1947 1636 spe·-

329 1660 433 1710 cies,
466 1675 545 1702 seu
577 1661 693 1703 forte
724 1661 850 1716 lapsa
881 1675 973 1703 vox
1005 1662 1049 1703 in
1084 1661 1367 1716 praesagium
1401 1659 1580 1702 vertit”.
1947 1706 1950 1707 ⁷

392 1740 459 1782 At
499 1741 544 1781 in
582 1746 796 1794 promptu
830 1746 898 1782 est
931 1741 1076 1782 Vettii
1110 1740 1250 1782 verba
1282 1740 1411 1781 aliter
1443 1739 1753 1794 interpretari;
1786 1737 1923 1796 pam
1915 1737 1958 1805 ‘5⁷

331 1819 414 1860 bus
456 1819 528 1860 ille
571 1819 690 1861 haud
735 1819 871 1860 dubie
914 1819 1185 1874 fungebatur
1227 1819 1414 1860 Penthei
1457 1824 1502 1860 et
1545 1818 1797 1861 communis
1827 1827 1890 1863 e·

331 1898 529 1940 laetitiae
556 1900 717 1948 socius,
744 1900 824 1940 sed
852 1913 987 1940 sanae
1015 1900 1180 1940 mentis
1207 1899 1307 1954 plus
1333 1904 1593 1941 servaverat
1620 1904 1758 1953 quam
1782 1902 1875 1940 ¹cet
1900 1876 1948 1952 ᾗ.

331 1992 502 2027 omnes,
535 1978 908 2033 intelligebatque
941 1993 1074 2033 aegre
1106 1978 1301 2020 laturum
1335 1978 1574 2020 Claudium
1605 1977 1966 2041 hamum

329 2057 447 2098 linae
486 2057 870 2112 „intemperiem”,
903 2071 994 2112 qua
1022 2064 1180 2100 contra
1208 2058 1355 2112 legem
1381 2058 1440 2099 ab
1466 2058 1566 2112 ipso
1590 2040 1979 2116 promulgata

330 2136 512 2186 fecerat,
557 2138 942 2192 metuendumque
984 2151 1081 2179 esse
1125 2152 1181 2179 ne
1223 2151 1394 2188 omnes,
1437 2139 1513 2192 qui
1557 2151 1659 2180 cum
1697 2137 1774 2180 illa
1804 2151 1834 2180 n
1880 2127 1964 2191 viss

331 2216 519 2257 mimum
546 2222 747 2270 agerent,
777 2231 885 2258 mox
912 2230 1083 2271 poenas
1111 2218 1286 2258 darent.
1314 2217 1480 2258 Verbis
1507 2230 1616 2270 ergo
1642 2217 1783 2259 utitur
1806 2208 1883 2272 qn*
1908 2203 1963 2260 ἱῙ,

332 2295 521 2336 Penthei
565 2310 748 2350 quoque
790 2311 886 2338 esse
929 2298 1117 2351 possint,
1149 2297 1229 2338 sed
1263 2296 1426 2350 quibus
1457 2296 1588 2337 simul
1619 2296 1850 2339 laetitiae

1884 2343 1887 2345 ,
1892 2349 1945 2384 δέ

1902 2373 1940 2428 ἓξ.
1940 2387 1962 2406 ’ἶ

385 2481 419 2525 1)
444 2482 569 2514 Dionis
592 2483 707 2514 locum
730 2482 812 2514 licet
838 2492 910 2514 non
936 2482 1066 2524 afferat,
1091 2485 1207 2513 tamen
1228 2480 1321 2513 idem
1343 2480 1483 2513 Nabero
1502 2481 1586 2513 olim
1607 2480 1703 2523 quod
1722 2478 1842 2512 mihi
1829 2486 1983 2523 ›⁴

333 2540 526 2572 suboluisse
551 2540 698 2572 videtur.
725 2540 759 2572 Is
786 2539 880 2572 enim
904 2539 942 2571 in
968 2538 1275 2581 commentatione,
1300 2549 1417 2581 quam,
1442 2538 1532 2580 quia
1549 2538 1691 2581 Belgiee
1711 2531 1840 2581 scripta
1859 2535 1942 2582 ἢ

332 2597 445 2629 minus
479 2608 582 2639 quam
608 2608 670 2640 par
694 2604 766 2629 erat
790 2597 985 2629 innotuisse
1010 2597 1094 2629 viris
1119 2596 1231 2629 doctis
1257 2596 1418 2639 arbitror,
1442 2596 1566 2628 eodem
1589 2595 1652 2628 illo
1680 2595 1940 2660 „melodmmeg
1940 2612 1961 2640 ,ς

332 2653 398 2685 tis''
424 2654 531 2686 utitur
555 2655 706 2686 nomine.
734 2655 877 2696 Legitur
902 2654 1148 2686 commentatio
1176 2653 1326 2696 egregia,
1352 2663 1422 2695 qua
1441 2653 1588 2685 duorum
1607 2653 1786 2696 librorum,
1806 2663 1828 2686 a
1846 2651 1942 2708 nob}
1945 2658 1966 2699 J

332 2711 478 2742 tratibus
510 2712 785 2753 conscriptorum
820 2717 853 2743 et
886 2712 1017 2753 insigni
1050 2711 1332 2753 dignissimorum
1365 2710 1469 2742 laude
1503 2709 1606 2754 (alter
1639 2709 1779 2743 Oordtii
1810 2713 1864 2742 est
1886 2704 1970 2757 (ὗε-ζ·

336 2767 564 2800 Constantino
597 2779 722 2810 magno
754 2769 892 2811 eiusque
924 2768 1160 2811 decessoribus,
1195 2767 1335 2810 Belgiee
1370 2767 1533 2811 scriptus,
1564 2767 1652 2800 alter
1682 2765 1862 2800 Karstenii
1895 2766 1966 2811 -3wa

324 2825 399 2869 fide
438 2825 571 2868 Taciti)
603 2836 747 2858 censura
781 2827 904 2869 agitur,
933 2827 971 2858 in
997 2826 1106 2858 diario
1131 2825 1319 2857 vernaculo
1345 2835 1374 2857 c.
1401 2829 1425 2857 t.
1452 2826 1507 2858 De
1532 2824 1621 2857 Gids
1646 2825 1690 2858 A.
1715 2814 1971 2860 mnenon-1115?

494 2893 509 2914 s

335 2893 370 2924 p.
384 2889 503 2982 237gic
513 2893 622 2971 qeciiim
647 2940 835 2982 legendum
860 2941 1007 2973 arbitror
1032 2951 1096 2983 pro
1120 2940 1244 2983 inepto
1268 2944 1426 2982 coeperat
1451 2939 1548 2982 quod
1571 2938 1735 2972 traditum
1758 2941 1824 2971 est.
