2040 3412
1092 314 1148 368 98

320 433 473 474 statim
521 432 684 483 verbis,
733 446 848 487 quae
898 433 1048 483 citavi,
1095 433 1332 475 addendo:
1386 437 1458 485 „et
1504 432 1620 474 male
1667 432 1853 475 coercit

320 512 487 554 famam
527 513 862 567 supprimentes
902 512 1159 568 augebant”
1164 545 1174 563 ,
1207 526 1311 554 nam
1345 512 1465 554 fama
1496 512 1553 553 de
1585 511 1680 553 filio
1711 525 1738 554 a
1770 457 1904 556 Gal?

321 594 542 647 adoptato
573 598 819 648 utcumque
852 594 1042 636 coerceri
1069 599 1115 634 et
1146 593 1371 648 supprimi
1400 597 1566 647 potest,
1599 592 1762 648 augeri
1791 542 1923 650 null}vl
1909 589 1945 651 §z

321 673 459 714 modo
491 678 657 727 potest.
690 673 957 715 Admodum
990 673 1181 715 obscure
1212 672 1284 714 hic
1317 672 1516 726 loquitur
1547 671 1746 723 Tacitus,
1779 677 1826 714 et
1854 662 1930 713 d
1901 675 1942 711 *33

321 766 410 806 qua
452 766 499 794 re
541 766 660 794 nunc
702 753 874 807 cogitet
907 753 1139 807 aliquanto
1174 758 1277 807 post
1311 753 1497 794 demum
1530 751 1581 793 fit
1613 757 1939 807 persplcuum)

320 831 434 873 Cum
476 833 596 873 enim
641 833 697 874 de
742 832 914 874 Galbae
949 834 1006 874 ad
1041 833 1205 874 milites
1238 832 1292 887 (c.
1334 832 1639 890 18)qoratione
1671 815 1949 898 narratresss·

318 912 405 954 alia
437 913 543 954 inde
576 912 746 967 profert
779 918 825 954 et
857 914 965 955 hoc:
1006 927 1082 966 „ac
1116 927 1172 969 ne
1205 912 1484 954 dissimulata
1509 912 1674 953 seditio
1701 911 1747 953 in
1774 908 1946 962 main&

319 992 590 1042 crederetur,
614 992 732 1033 ultro
757 1006 886 1034 assev
889 998 984 1034 erat
1002 998 1211 1047 quartam
1230 998 1275 1034 et
1293 991 1698 1034 duoetvicesimam
1714 976 1950 1067 Ῑεςίοιιάἒζ

319 1072 474 1126 paucis
504 1072 740 1113 seditionis
772 1072 1031 1113 auctoribus
1065 1085 1155 1113 non
1187 1071 1303 1115 ultra
1337 1072 1476 1113 verba
1502 1085 1555 1112 ac
1585 1084 1720 1113 voces
1745 1084 1831 1113 err
1852 1090 1880 1110 κ

318 1157 364 1192 et
401 1151 527 1192 brevi
561 1152 605 1192 in
639 1151 788 1193 officio
821 1151 960 1193 fore.”
966 1151 1213 1207 Magnum
1248 1165 1356 1206 ergo
1389 1150 1498 1193 illud
1529 1158 1756 1201 secretum,
1790 1148 1957 1210 quod'

318 1230 536 1271 hactenus
563 1230 859 1272 coercebatur
885 1237 932 1272 et
957 1230 1337 1286 supprimebatur,
1367 1236 1434 1272 est
1461 1230 1659 1272 desectio
1684 1227 1888 1286 legio'nu
1880 1252 1920 1269 ε
1941 1248 1950 1262 ⁴-

318 1309 703 1360 Germanicarum,
746 1324 858 1364 quas
901 1324 1080 1365 pugnae
1113 1311 1355 1364 caedisque
1387 1311 1544 1351 avidas
1576 1310 1759 1352 iamiam
1790 1298 1962 1366 adsta-{j

317 1395 440 1431 turas
482 1391 617 1431 anxia
660 1390 789 1444 plebs
829 1396 1087 1445 auguratur.
1132 1390 1198 1432 At
1240 1391 1361 1444 apud
1405 1389 1570 1431 milites
1604 1389 1752 1432 Galba
1781 1382 1951 1446 ultritff'ss

318 1483 407 1510 non
442 1475 638 1523 rogatus,
671 1470 728 1510 de
762 1469 836 1510 illa
869 1483 916 1511 re
948 1475 1126 1511 tantum
1159 1475 1387 1511 asseverat
1419 1474 1640 1524 quantum
1671 1468 1772 1515 illos
1801 1464 1958 1531 scire}

321 1549 429 1590 utile
462 1550 620 1590 credit.

377 1628 426 1671 C.
461 1629 517 1670 26
549 1629 607 1670 de
639 1629 936 1683 praetorianis
968 1629 1148 1670 iamiam
1174 1629 1232 1670 ad
1263 1628 1494 1671 Othonem
1522 1627 1775 1671 transituris
1801 1611 1954 1689 haecss}

317 1709 535 1763 legimus:
1933 1766 1935 1768 q

380 1788 552 1841 „Multa
578 1788 856 1843 erumpentis
881 1787 1116 1830 seditionis
1142 1787 1309 1829 indicia
1336 1801 1416 1841 per
1443 1771 1647 1829 conscios
1674 1794 1938 1842 oppressu&
1919 1772 1925 1773 ἶ

316 1869 540 1923 quaedam
581 1869 702 1923 apud
745 1868 916 1911 Galbae
949 1882 1078 1910 aures
1110 1867 1366 1922 praefectus
1397 1867 1523 1909 Laco
1554 1867 1700 1917 elusit,
1732 1867 1861 1923 ignat

316 1948 575 1989 militarium
616 1949 869 1989 animorum
909 1947 1175 2001 consiliique
1208 1947 1415 2001 quamvis
1447 1946 1630 2000 egregii,
1662 1946 1787 2000 quod
1819 1931 1946 2000 ιιο11’ῗ’-”ἷμ

315 2028 410 2081 ipse
442 2027 635 2077 afferret,
670 2028 876 2068 inimicus
909 2033 955 2068 et
987 2027 1202 2068 adversus
1234 2027 1406 2080 peritos
1438 2024 1698 2080 pervicax.”

373 2107 631 2150 Cornelium
666 2108 896 2149 Laconem
934 2107 1216 2160 „mortalium
1251 2104 1622 2160 ignavissimum”
1655 2105 1709 2160 (c.
1735 2095 1780 2160 '6)
1806 2091 1955 2166 Cium:

311 2187 501 2241 legimus
539 2201 627 2229 una
658 2188 703 2228 in
738 2201 784 2228 re
811 2188 1084 2242 pervicacem
1118 2186 1265 2236 fuisse,
1297 2186 1451 2227 statim
1484 2185 1765 2240 suspicamur
1795 2178 1976 2247 eiusv'ss‘

312 2267 435 2307 modi
477 2266 599 2307 illam
642 2280 738 2307 rem
782 2266 917 2307 fuisse
958 2271 1008 2307 ut
1051 2254 1353 2320 pervicaciam
1386 2265 1599 2307 redderet
1631 2278 1768 2320 quam
1798 2255 1942 2310 stulu?

309 2346 542 2387 tissimam.
586 2346 710 2400 Ergo
753 2346 797 2386 in
839 2346 1068 2387 adiectivo
1101 2346 1274 2400 peritos
1310 2358 1501 2386 acumen
1538 2344 1724 2399 aliquod
1760 2333 1950 2408 inessa}

309 2426 462 2475 debet,
502 2431 548 2467 et
588 2439 745 2467 revera
781 2427 912 2475 inest,
945 2426 981 2466 si
1014 2426 1076 2466 sic
1109 2425 1378 2479 accipimus:
1418 2425 1614 2479 „peritos
1645 2410 1953 2478 militariumss

308 2506 560 2546 animorum
585 2506 780 2559 ideoque
803 2518 967 2559 gnaros
993 2504 1294 2559 periculorum
1311 2517 1338 2544 a
1355 2503 1572 2545 militibus
1595 2501 1904 2547 instantium-⁹³.
1968 2496 1970 2498 V

307 2584 422 2625 Tam
466 2586 597 2634 iners,
641 2586 842 2639 ignavus,
886 2584 1198 2626 somnolentus
1235 2584 1373 2624 homo
1408 2583 1532 2624 Laco
1565 2588 1661 2624 erat
1693 2587 1743 2625 ut
1774 2578 1951 2647 qiud·¹

308 2678 443 2717 quam
477 2665 661 2706 credere
695 2663 834 2705 nollet
868 2665 925 2705 de
953 2663 1162 2718 periculis
1190 2675 1306 2716 quae
1333 2663 1378 2703 in
1405 2662 1564 2703 castris
1591 2660 1943 2722 nascerentur,
1939 2649 1952 2664 ’

306 2748 403 2783 tum
432 2743 616 2784 demum
645 2742 784 2784 fiebat
811 2743 978 2792 firmus,
1006 2743 1146 2783 immo
1173 2741 1337 2782 stolide
1361 2741 1589 2795 pervicax,
1609 2754 1711 2783 cum
1727 2736 1946 2796 aliqulsf

308 2822 378 2862 cui
421 2822 586 2863 milites
628 2823 828 2863 notiores
871 2828 1034 2871 essent,
1077 2834 1262 2863 monere
1303 2834 1405 2861 eum
1439 2825 1485 2861 et
1518 2820 1705 2862 meliora
1737 2820 1951 2863 docere

306 2901 524 2941 studeret.
1909 2898 1911 2900 ’
1932 2891 1937 2895 ’

367 2980 425 3021 Η.
468 2981 502 3030 Ι,
547 2993 615 3035 34.
669 2981 969 3033 „Praemissus
1016 2986 1170 3022 tamen
1212 2980 1258 3021 in
1301 2984 1448 3020 castra
1490 2980 1592 3021 Piso
1635 2984 1684 3021 ut
1727 2975 1945 3037 iuveniat„
