2040 3412
872 255 918 299 ¹5

46 380 196 421 ,χευαε
224 365 375 420 aliqua
403 371 532 421 parte
560 366 617 408 de
645 365 801 407 funere
830 365 1026 407 hominis
1055 365 1352 407 vehementer
1380 365 1534 407 defleti
1560 372 1699 421 atque

47 435 335 498 ‘s'desiderati
368 452 437 488 est
468 447 713 502 agendum,
747 461 922 501 parurn,
956 452 1015 488 ut·
1039 447 1215 501 opinor,
1244 452 1371 488 curat
1399 447 1509 501 quid
1537 448 1699 502 singuli

50 518 186 583 feius
232 527 415 582 cognati
463 527 713 582 affinesque
761 527 952 568 fecerint
1000 527 1307 581 dixerintque,
1355 533 1400 569 et
1444 542 1500 569 ne
1545 518 1701 569 matris

42 590 68 671 Ἰ
90 608 278 665 quidem
320 621 437 662 quae
480 606 646 649 fuerint
688 606 890 648 lamenta
931 612 1209 662 questusque
1251 608 1385 649 anxie
1420 609 1464 649 in
1499 607 1700 649 fontibus

35 678 182 747 7,ἷειιὶε
213 693 423 743 quaeret;
456 687 492 728 si
527 686 637 728 nihil
670 687 892 728 eiusmodi
925 686 1163 736 invenerit,
1196 686 1293 727 sine
1325 686 1416 728 ullo
1449 687 1551 730 libri
1584 690 1700 743 peri—

90 766 193 811 culo
240 768 298 810 de
346 767 432 809 illis
480 767 620 809 taceri
668 780 802 822 posse
849 767 890 808 ei
938 767 1023 808 erit
1073 780 1349 821 persuasum.
1399 767 1466 808 At
1513 768 1700 810 Tacitus

41 842 306 907 ⁵=jJ¹aequales
346 861 452 890 suos
485 853 785 903 posterosque
820 848 1181 889 commovendos
1214 861 1312 888 esse
1346 854 1514 898 censet,
1549 849 1701 902 idque,

38 925 46 977 ᾖ,
82 928 128 974 *si
170 927 266 971 fieri
309 934 475 984 potest,
520 928 838 979 vehementer3
883 942 975 970 non
1019 942 1127 982 ergo
1171 927 1367 969 libenter
1398 929 1471 970 hic
1504 929 1702 984 aliquam

39 993 52 1038 Ῐ
91 1008 378 1052 lacrimarum
422 1009 899 1064 querimoniarumque
933 1009 1041 1050 facit
1075 1009 1317 1059 iacturam;
1353 1009 1411 1051 de
1445 1009 1702 1051 Germanici

37 1101 53 1123 1
94 1095 238 1133 matre
271 1089 358 1132 sibi
391 1103 488 1131 esse
519 1090 767 1131 tacendum
801 1103 904 1135 cum
940 1103 1108 1144 magno
1141 1091 1348 1144 agnoscit
1381 1090 1553 1132 dolore.
1595 1075 1619 1130 Εἴ

153 1170 312 1226 Atque
345 1170 459 1212 haec
491 1171 678 1225 quidem
712 1171 830 1212 inter
862 1184 1007 1213 novos
1039 1176 1309 1224 veteresque
1342 1170 1583 1212 historicos
1617 1171 1703 1212 dis-

90 1251 326 1307 crepantia
356 1265 448 1293 non
480 1252 636 1293 statim
664 1251 732 1293 his
761 1252 872 1293 vitio
900 1252 1053 1293 danda
1081 1257 1171 1301 est;
1200 1257 1246 1292 at
1274 1251 1392 1306 parit
1419 1252 1530 1293 vitia
1556 1265 1702 1306 eaque

36 1325 47 1389 f
92 1345 230 1388 saepe
273 1332 524 1374 admodum
567 1333 736 1386 gravia.
781 1331 870 1386 Qui
915 1332 1037 1373 enim
1071 1345 1345 1386 quocunque
1379 1333 1518 1373 modo
1551 1332 1703 1386 legen-

31 1456 33 1458 ,
92 1413 208 1456 tium
243 1413 421 1454 animos
454 1426 745 1454 commovere
778 1413 946 1462 studet,
981 1413 1018 1453 is
1050 1426 1188 1467 saepe
1221 1426 1369 1466 aequo
1403 1413 1603 1467 paratior
1636 1418 1704 1454 est

35 1489 37 1494 ⁴
91 1493 151 1536 ad
182 1507 279 1535 rem
311 1493 524 1548 aliquam,
557 1507 674 1548 quae
707 1493 811 1534 huic
844 1493 1081 1547 proposito
1115 1493 1344 1543 inserviat,
1380 1493 1702 1547 arripiendam.

44 1620 45 1623 ,
96 1573 367 1616 Praesertim
409 1587 512 1615 cum
555 1573 727 1628 aliquid
761 1573 936 1615 invenit
970 1573 1094 1627 quod
1128 1573 1185 1614 sit
1217 1573 1379 1623 dirum,
1412 1573 1703 1621 horrendum,

96 1654 332 1705 nefarium,
365 1655 411 1696 id
444 1654 715 1710 quantocius
748 1654 792 1696 in
826 1667 956 1695 usum
983 1667 1114 1695 suum
1142 1653 1382 1703 convertit,
1411 1653 1531 1695 haud
1560 1654 1706 1708 inqui-

23 1730 30 1738 ”
56 1742 72 1753 ³
96 1749 200 1778 rens
225 1736 344 1778 sitne
369 1735 612 1778 verisimile
640 1741 686 1777 et
714 1735 993 1777 traditumne
1015 1735 1073 1775 sit
1091 1748 1117 1775 a
1134 1734 1258 1776 bono
1276 1740 1475 1776 auctore.
1494 1734 1705 1776 Tacitum

24 1814 45 1861 ,ἰ
95 1822 221 1859 certe
262 1816 384 1859 haud
427 1816 568 1858 semel
611 1816 784 1857 atrocia
825 1816 889 1856 ita
931 1820 1190 1856 narrantem
1234 1815 1621 1875 deprehendimus
1659 1820 1708 1856 ut

22 1886 32 1899 γ’
98 1911 191 1940 non
233 1895 415 1940 difficile
457 1898 514 1938 sit
547 1897 863 1938 demonstrare
906 1909 984 1937 cur
1027 1895 1103 1936 illa
1146 1895 1218 1937 vel
1261 1896 1448 1937 omnino
1486 1895 1582 1936 fieri
1616 1909 1707 1937 non

6 1959 56 2034 ,ἶ
99 1978 331 2035 potuerint
373 1977 446 2019 vel
489 1983 612 2019 certe
656 1991 747 2019 non
790 1977 854 2017 sic
897 1981 946 2017 ut
987 1976 1178 2017 tradidit
1211 1975 1464 2016 historicus.
1500 1975 1605 2017 Non
1640 1981 1709 2016 est

33 2070 38 2119 j
98 2059 222 2102 aliud
264 2058 527 2114 exemplum
570 2057 801 2112 insignius,
847 2070 984 2111 quam
1028 2056 1152 2110 quod
1186 2055 1310 2097 Ann.
1346 2055 1398 2097 L.
1433 2055 1548 2096 XIV
1582 2069 1646 2096 cc.
1685 2067 1707 2109 3

37 2174 40 2179 .
99 2153 199 2196 sqq.
242 2140 485 2189 invenitur,
529 2138 606 2180 ubi
649 2138 847 2187 Tacitus,
891 2136 1055 2191 quibus
1090 2136 1237 2177 modis
1270 2140 1464 2176 matrem
1499 2135 1709 2176 occidere

23 2207 31 2237 ‘⁵
100 2226 291 2263 conatus
323 2220 381 2262 sit
414 2220 552 2269 Nero,
586 2224 766 2261 narrat.·

24 2358 27 2359 ⁷
161 2301 361 2343 Primum
388 2301 597 2342 audimus
624 2300 682 2341 de
710 2312 826 2340 nave
855 2298 918 2339 ita
945 2296 1200 2351 composita
1227 2302 1277 2337 ut
1305 2310 1408 2350 pars
1430 2296 1525 2337 eius
1543 2301 1708 2350 sponte

29 2408 35 2410 ν
101 2381 214 2425 solvi
257 2386 434 2436 posset;
479 2381 542 2422 ita
575 2380 620 2421 in
655 2393 778 2421 mare
810 2377 1071 2432 Agrippina
1103 2376 1350 2417 decideret.
1385 2376 1568 2417 Novum
1601 2389 1707 2416 con-

101 2461 249 2503 silium
292 2462 372 2503 sed
416 2461 602 2502 minime
644 2458 934 2501 incredibile:
980 2457 1161 2498 mentiri
1204 2457 1326 2497 enim
1371 2456 1493 2498 Nero
1527 2461 1708 2510 poterat

103 2556 267 2584 navem
295 2543 341 2583 in
367 2541 606 2596 scopulum
634 2540 832 2594 aliquem
859 2539 1081 2580 latentem
1111 2537 1322 2579 incidisse
1350 2542 1395 2578 et
1421 2538 1484 2578 sic
1514 2550 1707 2577 mersam

103 2637 199 2665 esse
222 2622 265 2678 ¹).
293 2623 535 2664 Praeterea
560 2622 618 2663 ad
647 2635 748 2663 eam
777 2634 871 2661 rem
899 2633 982 2661 non
1002 2618 1110 2674 plus
1135 2632 1219 2659 uno
1247 2622 1344 2658 erat
1372 2631 1487 2672 opus
1509 2617 1707 2659 conscio.

105 2703 257 2747 Unam
290 2708 469 2744 tantum
501 2702 615 2744 haec
648 2702 847 2743 narratio
881 2699 1137 2742 molestiam
1166 2698 1319 2748 habet,
1348 2698 1427 2739 sed
1457 2698 1573 2739 hanc
1601 2711 1709 2752 prae

157 2897 191 2942 1)
217 2899 309 2941 Hoc,
343 2897 447 2930 etiam
481 2897 510 2928 si
536 2907 629 2929 mare
654 2896 777 2928 fuisset
796 2892 1077 2937 placidissimum
1104 2887 1240 2934 poterat
1266 2891 1369 2935 fingi3
1397 2891 1492 2934 quod
1518 2902 1578 2924 cur
1603 2895 1710 2933 neget

107 2956 291 2989 Furneaux
314 2955 588 2998 haudquaquam
613 2954 788 2996 intelligo.
