2040 3412
1064 249 1142 290 118

305 368 501 422 tuantes)
551 367 613 409 M’
662 361 836 409 Ennius
895 369 1149 423 praefectus
1196 370 1419 424 supplicio
1464 371 1660 412 duorum
1708 371 1901 413 militum

306 448 510 502 reprimit
544 473 600 478 ——-
633 449 712 489 sed
746 449 791 489 in
825 449 962 490 breve
994 451 1315 492 tantummodo
1348 454 1542 505 tempus,
1576 465 1680 493 nam
1711 466 1842 494 mox:

370 528 727 580 „intumescente
762 534 888 570 motu
923 529 1139 584 profugus
1171 536 1467 585 repertusque
1490 530 1532 586 ¹),
1566 537 1809 586 postquam
1837 532 1903 574 in-

305 611 430 648 tutae
474 607 688 658 latebrae,
734 609 1008 662 praesidium
1051 610 1109 650 ab
1142 611 1331 652 audacia
1365 617 1617 653 mutuatur:
1651 625 1742 653 non
1774 625 1902 668 prae·

305 686 473 728 fectum
501 687 559 728 ab
589 688 654 738 iis,
683 689 762 730 sed
793 689 1111 731 Germanicum
1142 691 1317 741 ducem,
1347 692 1426 732 sed
1453 691 1686 733 Tiberium
1708 692 1902 747 impera-

304 773 451 808 torem
485 768 656 810 violari.
691 768 833 810 Simul
867 770 1106 820 exterritis,
1135 771 1211 824 qui
1239 771 1523 821 obstiterant,
1553 777 1732 826 raptum
1761 771 1901 814 vexil-
1959 783 1962 786 ’

304 847 396 888 lum
444 849 501 888 ad
551 849 695 902 ripam
746 849 894 898 vertit,
945 856 991 891 et
1039 850 1074 890 si
1123 852 1222 904 quis
1269 852 1449 905 agmine
1493 852 1773 902 decessisset,
1815 865 1899 907 pro

305 926 535 968 desertore
579 927 674 969 fore
717 928 966 979 clamitans,
1010 931 1191 971 reduxit-
1222 931 1267 972 in
1300 931 1490 972 hiberna
1520 932 1726 973 turbidos
1758 921 1900 976 et'ni-

303 1006 366 1047 hil
397 1007 572 1049 ausos’'.

365 1087 517 1129 Cuivis
563 1088 798 1130 hominum
849 1089 1127 1131 multitudini
1175 1097 1283 1145 apta
1331 1091 1487 1133 fraude
1534 1093 1756 1147 impetum
1803 1093 1900 1135 dari

305 1181 437 1221 posse
471 1169 691 1219 novimus,
724 1170 805 1211 sed
840 1183 954 1224 opus
986 1176 1054 1211 est
1087 1176 1135 1212 ut
1163 1171 1238 1226 qui
1267 1171 1342 1213 illa
1369 1171 1525 1214 fraude
1553 1178 1705 1214 utatur
1732 1173 1901 1216 brevis-

303 1248 418 1289 simo
461 1254 669 1303 tempore
711 1251 768 1291 ad
813 1251 1099 1305 propositum
1136 1251 1273 1292 finem
1306 1265 1401 1292 rem
1435 1253 1711 1306 perduxerit.
1747 1252 1821 1296 Sic
1853 1259 1900 1296 et

303 1329 388 1378 hic,
425 1329 507 1370 nisi
541 1330 821 1383 paucissimis
854 1331 975 1372 horis
1003 1331 1176 1373 Ennius
1205 1322 1360 1386 copias
1387 1331 1483 1374 illas
1511 1333 1555 1374 in
1583 1332 1784 1375 hibernis
1810 1333 1900 1376 eol‘·

302 1409 471 1450 locavit
514 1409 631 1451 fraus
671 1410 868 1465 perpluit
901 1416 947 1452 et
980 1411 1123 1452 multo
1157 1412 1299 1453 maior
1331 1413 1556 1454 discordia
1588 1414 1808 1468 erumpit:
1842 1413 1900 1457 de

302 1489 475 1543 aliquot
509 1491 683 1531 dierum
716 1491 876 1532 itinere
909 1491 1110 1545 cogitare
1143 1505 1212 1532 res
1244 1492 1341 1546 ipsa
1373 1498 1512 1534 vetat.
1548 1493 1608 1534 Et
1634 1498 1788 1536 tamen
1819 1486 1918 1537 du·-

303 1570 428 1611 bium
471 1584 562 1611 non
606 1576 674 1611 est
716 1571 825 1624 quin
869 1585 971 1612 cum
1013 1570 1213 1612 hibernis
1250 1571 1322 1613 hic
1366 1573 1496 1614 nobis
1532 1586 1603 1614 res
1633 1573 1704 1624 sit,
1737 1573 1815 1617 ubi
1847 1577 1894 1616 et

303 1649 416 1691 aliae
449 1651 599 1691 adsint
632 1651 814 1705 copiae;
850 1665 954 1692 nam
988 1651 1095 1692 illud
1129 1651 1288 1702 solum,
1323 1653 1446 1706 quod
1480 1657 1584 1694 sunt
1611 1653 1656 1694 in
1685 1652 1898 1704 hibernis,

303 1729 467 1770 milites
511 1731 568 1771 ad
613 1730 885 1771 discordiam
929 1723 1180 1785 propensos
1223 1745 1328 1781 non,
1372 1737 1421 1773 ut
1464 1732 1638 1786 opinor,
1671 1731 1716 1774 in
1749 1733 1898 1774 officio

301 1809 613 1863 obsequioque
662 1810 856 1851 retinere
910 1815 1076 1864 potest.
1126 1810 1235 1851 Vox
1281 1810 1471 1852 hiberna
1517 1812 1628 1866 quid
1675 1811 1900 1867 significet

301 1890 409 1930 satis
456 1895 665 1930 accurate
713 1904 756 1944 p.
802 1890 859 1942 84
890 1903 957 1944 sq.
1007 1890 1114 1931 mihi
1157 1891 1490 1932 demonstrasse
1534 1891 1715 1933 videor:
1759 1891 1899 1934 talem

301 1975 454 2011 autem
498 1970 656 2010 urbem
700 1970 940 2011 militarem
983 1970 1258 2024 praesidium
1299 1971 1524 2024 agitantes
1566 1971 1639 2012 isti
1679 1970 1899 2014 vexillarii

301 2063 392 2090 non
435 2050 703 2100 habuerunt,
749 2051 805 2091 ad
851 2050 1082 2104 Visurgim
1123 2050 1232 2091 talia
1273 2050 1462 2092 hiberna
1505 2065 1595 2092 non
1633 2051 1896 2104 adfuerunt3

300 2144 407 2184 ergo
440 2130 538 2184 ripa
570 2130 657 2180 illa,
702 2144 792 2184 quo
827 2130 1042 2171 vexillum
1077 2131 1211 2172 vertit
1245 2131 1432 2180 Ennius,
1466 2144 1557 2172 non
1590 2131 1796 2186 Visurgis
1828 2136 1900 2174 est
1950 2172 1953 2173 γ
1981 2118 2020 2178 fff‘

298 2210 378 2251 sed
423 2209 571 2250 Rheni
614 2210 711 2263 ripa
754 2214 799 2250 et
840 2209 1030 2251 hiberna
1061 2209 1182 2251 nulla
1214 2210 1301 2251 alia
1332 2216 1435 2251 sunt
1469 2224 1605 2264 quam
1636 2225 1754 2265 quae
1786 2210 1898 2254 Ger·
1946 2252 1986 2279 '.

300 2290 476 2330 maniae
510 2289 763 2343 legionibus
795 2295 900 2331 sunt
932 2295 1139 2331 extructa
1165 2290 1237 2331 vel
1265 2291 1310 2331 in
1337 2296 1457 2331 terra
1486 2291 1710 2333 Ubiorum
1737 2291 1791 2346 (c.
1821 2292 1897 2348 36)

299 2369 371 2410 vel
409 2369 534 2422 „loco
569 2370 638 2410 cui
673 2370 845 2411 Vetera
877 2383 1044 2411 nomen
1078 2370 1174 2411 est”
1203 2371 1256 2425 (c.
1288 2370 1376 2424 45).
1407 2370 1631 2425 Sequitur,
1661 2385 1730 2413 res
1757 2371 1896 2414 tristis

299 2450 378 2490 sed
412 2463 518 2491 vera
550 2455 632 2500 est,
665 2455 714 2491 ut
748 2449 967 2500 Chaucos,
1002 2450 1207 2504 Visurgis
1241 2450 1464 2504 Albisque
1497 2450 1688 2501 accolas,
1721 2451 1805 2493 sibi
1837 2451 1895 2494 ad

301 2528 513 2570 Rhenum
564 2530 823 2571 habitantes
874 2530 1054 2571 finxerit
1098 2531 1296 2580 Tacitus,
1341 2531 1474 2585 plane
1518 2530 1684 2573 oblitus
1725 2542 1906 2582 eorum,

299 2623 415 2662 quae
448 2615 554 2650 ante
586 2609 760 2664 aliquot
791 2624 935 2651 annos
967 2611 1207 2664 scripserat
1237 2610 1289 2651 G.
1321 2620 1398 2664 35:
1431 2601 1742 2663 „Chaucorum
1768 2623 1894 2665 gens,

298 2702 575 2742 quamquam
620 2690 808 2744 incipiat
839 2704 866 2731 a
899 2691 1054 2731 Frisiis
1088 2704 1140 2731 ac
1173 2696 1349 2744 partem
1381 2690 1524 2731 litoris
1556 2696 1764 2745 occupet,
1797 2704 1894 2733 om-

298 2768 435 2818 nium,
480 2783 590 2822 quas
633 2770 836 2824 exposui,
869 2770 1074 2824 gentium
1106 2770 1323 2811 lateribus
1356 2770 1633 2820 obtenditur,
1667 2771 1814 2812 donec
1845 2771 1892 2815 in

348 2939 382 2983 1)
407 2940 546 2982 Ecquid
571 2940 757 2972 delendum
772 2941 875 2979 *istud
900 2943 1148 2984 repertusque.)
