2040 3412
1108 311 1164 352 62

1834 378 1917 412 *Ἢ

339 444 495 472 revera
522 430 726 471 evenisse
754 435 938 480 statuat,
967 444 1083 485 quae
1109 431 1268 485 tragici
1296 430 1395 486 plus
1422 430 1602 483 habeat.
1630 429 1785 472 Tumt
1817 451 1872 466 ι

336 510 473 551 lectio
510 511 734 565 optimum
767 509 886 551 hunc
919 511 1110 565 praebet
1141 524 1346 551 sensum:
1380 511 1475 551 sive
1508 509 1639 551 finxit
1670 509 1780 552 illud
1816 502 1903 575 ,Jf

338 590 464 630 iussit
507 589 676 640 Otho”‚
718 591 814 631 sive
856 591 913 631 de
956 590 1267 631 coniuratione
1311 599 1471 631 vocem
1514 589 1711 644 aliquam
1750 582 1909 631 Πιεί”’

338 675 482 710 semet
509 670 656 724 ipsum
685 675 918 724 tamquam
947 670 1176 711 conscium
1204 670 1299 710 eius
1326 669 1557 711 indicavit.
1586 668 1653 710 At
1676 669 1763 710 ista
1782 680 1918 743 '42‘

339 748 678 803 Nipperdeiana
710 748 970 790 coniectura
1002 754 1206 803 pereunt.
1241 748 1491 798 Praeterea,
1520 748 1555 789 si
1581 742 1939 802 siluit

339 829 448 883 quid
481 830 569 870 isto
600 830 718 883 quod
745 828 990 871 faciamus?

399 909 457 949 H.
493 909 526 958 I,
559 921 630 961 44.
670 909 849 962 „Plures
888 923 1025 963 quam
1063 914 1247 962 centum
1281 909 1440 963 viginti
1472 908 1650 951 libellos
1681 897 1891 966 ι

338 989 683 1042 exposcentium
727 989 787 1030 ob
830 989 1027 1043 aliquam
1061 989 1312 1031 notabilem
1344 988 1419 1030 illa
1451 989 1525 1031 die
1557 989 1634 1043 (sc.
1665 1001 1773 1043 qua-
1831 1006 1844 1014 --
1914 975 1923 1051 ἢ

338 1067 531 1121 Pisoque
563 1074 667 1109 sunt
700 1069 851 1122 occisi)
885 1082 1071 1122 operam
1105 1068 1316 1110 Vitellius
1348 1074 1508 1123 postea
1534 1068 1729 1118 invenit3
1748 1075 1844 1131 ·ο,[

339 1161 427 1202 que
469 1148 674 1202 conquiri
717 1154 763 1189 et
798 1148 989 1189 interfici
1022 1149 1162 1198 iussit,
1195 1162 1287 1190 non
1319 1147 1480 1190 honori
1513 1147 1700 1199 Galbae,
1731 1146 1842 1192 sed

338 1228 434 1269 dito
468 1228 748 1283 principibus
776 1242 913 1279 more,
943 1229 1274 1270 munimentum
1301 1229 1346 1270 in
1376 1241 1602 1283 praesens,
1630 1228 1675 1270 in
1702 1216 1847 1284 post-5
1852 1212 1856 1213 ⁷

339 1307 603 1349 ultionem”.
1881 1363 1883 1366 Α
1917 1360 1922 1365 ¹

399 1388 485 1429 Pro
518 1388 832 1430 munimentum
865 1388 929 1430 ad
947 1396 1173 1443 praesens,
1206 1389 1252 1430 in
1275 1396 1504 1445 posterum
1532 1388 1739 1432 ultionem
1762 1400 1842 1437 ιιεῑ»

338 1468 541 1509 osissime
590 1468 794 1509 Muretus
842 1469 1102 1523 proposuit:
1151 1469 1466 1511 munimentum
1513 1469 1559 1511 in
1597 1463 1928 1526 posteraque-‘g

332 1556 547 1603 praesens
572 1548 789 1590 ultionem.
819 1549 878 1590 Et
905 1554 1059 1590 tamen
1087 1563 1173 1603 ego
1197 1549 1319 1591 illam
1345 1550 1626 1591 conicturam
1642 1548 1764 1591 reiici
1815 1555 1819 1558 “

338 1642 516 1683 censeo,
555 1642 645 1670 non
679 1629 802 1683 quod
836 1642 995 1683 parum
1028 1635 1186 1684 aptum
1217 1629 1320 1671 huic
1352 1629 1455 1671 loco
1486 1640 1935 1684 sensum-prae

336 1709 416 1749 sed
458 1708 564 1762 quia
605 1708 788 1762 vulgata
831 1722 1012 1762 quoque
1050 1708 1186 1750 lectio
1219 1710 1399 1763 egregie
1431 1708 1667 1751 consilium
1698 1701 1928 1770 quodf':

338 1788 496 1830 Vitelli
524 1787 672 1838 refert,
701 1789 838 1842 idque
867 1788 1052 1829 minime
1080 1789 1349 1830 absurdum:
1378 1789 1423 1830 in
1449 1789 1706 1844 praesentia
1722 1787 1822 1830 Vi
1918 1772 1921 1773 ⁷

336 1868 421 1909 sibi
455 1868 786 1910 munimentum
820 1874 866 1910 et
898 1869 1188 1910 securitatem
1216 1869 1419 1923 parabat,
1448 1869 1672 1911 homines
1682 1865 1914 1919 cumei

338 1949 535 2002 peratori
569 1948 732 1990 infidos
764 1950 822 1990 de
856 1949 1007 1992 medio
1040 1949 1217 2000 tollens,
1251 1956 1296 1991 et
1329 1950 1374 1991 in
1403 1955 1635 2004 posterum
1661 1957 1885 2005 sperare

340 2034 534 2083 poterat,
568 2029 604 2069 si
636 2029 732 2083 ipse
765 2042 947 2082 quoque
980 2029 1130 2083 aliqua
1161 2030 1420 2084 proditione
1453 2030 1704 2080 cecidisset,
1736 2039 1818 2073 m·
1826 2060 1829 2065 -
1833 2018 1930 2096 «s

338 2123 465 2150 suam
505 2108 695 2150 inultam
728 2122 819 2150 non
852 2109 968 2150 fore:
1002 2110 1144 2150 videri
1177 2111 1298 2151 enim
1333 2115 1512 2164 poterat
1544 2123 1636 2152 non
1668 2109 1752 2152 sibi
1829 2094 1957 2171 ’

338 2189 624 2242 prospexisse
656 2188 736 2229 sed
769 2193 815 2229 et
847 2202 1155 2230 successorum
1187 2189 1417 2231 securitati
1449 2195 1496 2232 et
1527 2190 1714 2232 omnino
1739 2190 1826 2232 im·

337 2268 481 2309 toriae
515 2268 745 2322 potestati.
1890 2315 1933 2331 .‚

399 2349 457 2389 H.
492 2348 549 2397 II,
585 2359 653 2390 20.
687 2347 917 2400 „Uxorem
945 2348 1039 2389 eius
1066 2348 1321 2403 (Caecinae)
1349 2348 1623 2399 Saloninam,
1652 2358 1822 2404 quamq
1852 2385 1885 2390 ,

337 2428 382 2468 in
409 2427 571 2468 nullius
598 2428 806 2468 iniuriam
833 2428 1021 2482 insignis
1046 2441 1166 2481 equo
1192 2433 1406 2483 ostroque
1425 2429 1678 2480 veheretur,
1694 2434 1939 2493 ετιιαξιιῖᾗἸ

336 2508 444 2548 laesi
477 2507 825 2562 gravabantur’'.
1876 2495 1879 2498 Α
1923 2496 1926 2498 ’

398 2588 483 2628 Pro
524 2588 712 2642 insignis
754 2586 1028 2628 Puteolanus
1069 2587 1247 2642 insigni,
1291 2601 1408 2641 quae
1449 2589 1710 2631 coniectura
1750 2593 1849 2631 tan

337 2666 467 2707 abest
499 2672 547 2707 ut
579 2667 636 2707 sit
668 2666 919 2707 necessaria
952 2672 1001 2707 ut
1033 2667 1305 2707 sententiam
1339 2668 1603 2718 conturbet3
1633 2679 1738 2709 nam
1772 2688 1797 2701 ⁷
1827 2688 1852 2710 *ε

337 2760 440 2799 equo
481 2746 582 2787 vehi
621 2746 782 2799 aliquis
825 2751 947 2786 re‘cte
990 2746 1167 2796 dicitur,
1207 2746 1374 2800 insigni
1401 2755 1520 2789 ostro
1552 2729 1655 2789 vehi
1681 2742 1835 2788 subri'

337 2824 430 2865 lum
462 2830 543 2865 est.

399 2904 456 2944 H.
492 2905 571 2953 III,
605 2905 675 2955 64.
715 2904 806 2956 „At
833 2905 1052 2958 primores
1079 2905 1275 2946 civitatis
1303 2906 1511 2947 Flavium
1540 2905 1840 2956 Sabinums·>

337 2983 506 3024 fectum
538 2984 673 3033 urbis,
706 2986 890 3025 secretis
922 2985 1205 3026 sermonibus
1237 2986 1488 3027 incitabant
1520 2986 1740 3028 victoriae
1787 3016 1792 3020 -
1818 3004 1841 3021 π
