2040 3412
1078 883 1205 952 XVI3

403 1036 645 1077 Manifesto
688 1050 796 1090 ergo
839 1041 1029 1090 apparet
1071 1049 1126 1077 eo
1159 1041 1400 1088 utrumque
1432 1033 1638 1075 codicem
1673 1014 2014 1089 Mediceum³{f„

340 1114 546 1157 laborare
590 1115 764 1165 morbo,
807 1116 865 1156 de
907 1129 998 1169 quo
1041 1128 1160 1156 nunc
1202 1114 1378 1168 agimus
1391 1130 1400 1163 ;
1445 1111 1587 1154 oculis
1630 1110 1855 1153 cernimus
1885 1113 1934 1152 et

342 1200 520 1235 tantum
554 1208 645 1236 non
679 1195 887 1236 manibus
918 1200 1125 1236 tenemus
1152 1193 1436 1235 librariorum
1464 1204 1650 1240 errores,
1678 1189 1951 1243 annotatio-¹
1980 1174 2003 1196 η

346 1288 437 1324 nes,
481 1288 617 1329 saepe
655 1274 983 1324 insulsissimas,
1017 1274 1062 1314 in
1094 1278 1272 1315 textum
1305 1270 1686 1313 transferentium.
1734 1267 1829 1312 Sed·
1859 1251 2014 1330 vixffj'fss

345 1355 566 1396 minorem
600 1354 771 1396 habent
805 1354 1109 1410 persuadendi
1141 1354 1233 1394 vim
1267 1353 1294 1394 ii
1329 1351 1430 1401 loci,
1464 1364 1578 1406 quos
1610 1350 1673 1392 sic
1701 1335 2006 1405 corruptosfgy

346 1449 442 1476 esse
486 1449 575 1476 non
610 1436 818 1477 videmus
850 1435 1049 1490 quidem,
1083 1435 1164 1475 sed
1197 1433 1405 1475 audimus
1437 1436 1483 1473 et
1514 1432 1613 1486 ipsa
1643 1443 1753 1472 sana
1782 1412 2016 1475 admo-st?

346 1529 504 1556 nemur
552 1521 719 1556 mente.
767 1515 1064 1557 Confidenter
1112 1515 1214 1564 iam,
1263 1514 1340 1568 qui
1387 1526 1444 1554 ex
1491 1511 1578 1553 isto
1625 1523 1790 1566 genere
1835 1505 2014 1570 mnt·ss÷.

346 1595 590 1649 praecipui,
626 1595 767 1636 hocce
801 1607 1109 1650 proponemus
1143 1594 1307 1648 capite.
1913 1571 1918 1576 ³

406 1675 528 1716 Ann.
573 1676 606 1725 Ι,
650 1676 720 1717 61.
765 1675 1002 1730 Campum,
1046 1675 1122 1716 ubi
1168 1674 1394 1716 Varianae
1426 1672 1693 1714 interierunt
1723 1669 1939 1725 legiones,

347 1755 642 1798 Germanicus
673 1755 1031 1810 contemplatur:
1966 1736 2006 1805 ’

412 1836 498 1888 „Et
540 1835 681 1877 cladis
723 1836 817 1876 eius
859 1835 1147 1890 superstiteS,
1191 1846 1390 1887 pugnam
1434 1836 1513 1873 aut
1551 1829 1732 1872 vincula
1772 1827 1939 1885 elapsi,

346 1915 603 1956 referebant
635 1916 708 1957 hic
741 1915 958 1956 cecidisse
990 1914 1178 1968 legatos,
1212 1912 1300 1954 illic
1335 1917 1487 1967 raptas
1518 1910 1715 1966 aquilas:
1743 1909 1940 1965 primum

347 1996 424 2037 ubi
467 1995 627 2037 vulnus
671 1995 795 2037 Varo
837 1995 1064 2045 adactum,
1107 1993 1184 2034 ubi
1227 1991 1393 2034 infelici
1427 1992 1618 2033 dextera
1649 1994 1844 2032 mortem
1871 1983 1945 2031 *inss
1976 1975 2008 2038 ³43·

349 2075 568 2117 venerit.'’
1085 2070 1088 2073 ’
1998 2051 2001 2053 ⁵

401 2155 442 2196 N
445 2169 532 2196 unc
551 2155 635 2209 ipsi
654 2155 756 2196 huic
775 2155 932 2195 adesse
951 2152 1329 2195 demonstrationi
1347 2151 1479 2192 nobis
1496 2151 1716 2199 videmur,
1730 2139 1950 2191 audimus

341 2235 562 2290 singultus
605 2235 853 2284 hominum,
899 2247 994 2275 rem
1035 2233 1350 2281 tristissimam,
1395 2244 1532 2285 quarn
1563 2229 1653 2271 suis
1683 2227 1825 2270 oculis
1855 2227 1956 2279 sid--
1978 2216 2010 2256 -3‘

342 2315 589 2369 spexerint,
633 2315 787 2369 paucis
830 2314 980 2355 verbis
1022 2312 1363 2367 exponentium,
1407 2322 1555 2364 neque
1593 2308 1790 2363 patimur
1819 2304 1936 2349 ludi-

344 2394 607 2448 magistrum
650 2407 777 2435 suam
819 2393 887 2434 his
929 2392 1118 2438 stridula
1160 2404 1271 2433 voce
1314 2389 1622 2431 intermiscere
1665 2387 2002 2430 doctrinam..

343 2474 409 2515 At
442 2474 486 2514 in
519 2474 677 2515 codice
710 2478 814 2528 post
845 2472 1018 2527 infelici
1045 2472 1229 2513 dextera
1261 2470 1451 2523 legimus
1482 2476 1524 2510 et
1552 2482 1629 2517 suo
1660 2467 1748 2510 ictu
1759 2456 1805 2508 ,Γ-

404 2554 525 2594 Ann.
562 2554 595 2602 Ι,
629 2553 698 2607 78.
734 2553 891 2594 Edixit
923 2551 1130 2592 Tiberius
1162 2555 1209 2591 et
1240 2549 1327 2590 alia
1360 2554 1405 2589 et
1439 2547 1551 2600 hoc:
1986 2603 1989 2606 .

411 2634 663 2687 „Imparem
703 2632 828 2672 oneri
862 2629 1202 2684 rempublicam,
1236 2628 1318 2669 nisi
1351 2627 1566 2668 vicesimo
1599 2625 1784 2667 militiae
1816 2631 1937 2667 anno

345 2713 548 2754 veterani
582 2712 930 2752 dimitterentur.
966 2710 1036 2750 Ita
1063 2709 1296 2763 proximae
1324 2706 1558 2748 seditionis
1585 2704 1702 2747 male
1729 2703 1937 2746 consulta

346 2791 516 2832 abolita
548 2791 593 2831 in
626 2789 905 2845 posterum.”
1955 2774 1994 2814 3*ss

405 2870 532 2924 Quae
564 2870 639 2911 illa
672 2869 906 2923 proximae
938 2868 1172 2910 seditionis
1205 2866 1321 2907 male
1349 2864 1554 2906 consulta
1585 2863 1764 2913 fuerint,
1798 2866 1935 2905 nemo

345 2957 436 2990 tam
481 2957 549 2990 est
591 2948 767 2989 infirma
802 2949 1030 2997 memoria,
1063 2948 1172 3000 quin
1206 2945 1382 2986 noverit
1413 2944 1565 2984 etiam.
1615 2943 1776 2998 Capite
1808 2941 1971 2984 enim'
