2040 3412
1047 327 1130 358 100

284 435 438 476 odium
481 434 705 488 privatam
748 434 939 488 gratiam
982 441 1244 490 praeparat;
1283 436 1404 477 unde
1437 435 1559 478 nulla
1590 427 1914 491 innocentiae

284 527 403 563 cura,
437 513 517 554 sed
551 513 672 554 vices
705 513 1031 568 impunitatis'fi
1907 572 1917 579 J

344 592 581 635 Sententia
601 592 714 634 haec
737 599 826 635 est.
852 594 1014 636 Vinius
1030 619 1087 625 —
1105 608 1374 649 quacunque
1392 595 1579 637 tandem
1597 596 1654 638 de
1670 609 1805 639 causa
1820 578 1929 654 —·-²={ss

283 686 468 727 parcere
510 672 735 726 Tigellino
778 673 984 725 volebat;
1027 675 1240 716 utebatur
1281 688 1388 730 ergo
1419 689 1499 717 sua
1530 676 1650 730 apud
1685 675 1925 721 Galbam

283 752 426 807 gratia
469 758 876 807 argumentumque
919 754 1071 796 attulit
1106 755 1359 809 speciosius
1385 769 1521 810 quam
1554 755 1702 798 verius
1733 755 1925 814 (prae-r

282 832 486 886 texebat)
514 831 687 874 Galbae
715 832 852 874 filiam
879 847 906 874 a
927 833 1152 888 Tigellino
1174 840 1423 884 servatam3
1448 840 1494 876 et
1517 839 1776 877 servaverat
1796 832 1928 881 sed

283 912 372 952 suis
409 912 689 966 prospiciens
721 913 986 954 commodis.
1021 913 1095 956 Sic
1128 913 1232 967 mali
1265 914 1472 956 homines
1504 927 1684 969 semper
1713 910 1910 970 agunt&

283 1005 385 1032 cum
429 1005 577 1032 rerum
621 997 829 1034 metuunt
873 993 1230 1043 conversionem,
1269 1007 1384 1048 quae
1417 1007 1523 1035 suae
1554 994 1613 1035 sit
1645 994 1923 1059 potentiae

283 1070 421 1112 finem
463 1070 665 1121 allatura,
699 1073 915 1114 adversus
948 1072 1179 1127 publicum
1212 1073 1366 1114 odium
1399 1073 1625 1128 privatam
1656 1071 1927 1130 quaerunt
1920 1131 1938 1134 JJ

281 1151 487 1204 gratiam.
514 1151 749 1193 Eiusmodi
771 1152 964 1193 consiliis
981 1151 1143 1207 (unde)
1171 1153 1377 1194 homines
1399 1166 1489 1195 non
1514 1167 1541 1194 a
1561 1152 1678 1195 male
1697 1147 1931 1292 agenddeJJJ

282 1231 532 1271 retinentur
559 1233 682 1285 (cura
708 1231 1012 1287 innocentiae)
1040 1233 1119 1273 sed
1147 1232 1266 1274 inter
1290 1246 1338 1274 se
1360 1238 1522 1287 parant
1544 1233 1912 1291 impunitatem

281 1309 575 1352 Intellexerat
606 1310 856 1365 Tigellinus
887 1312 945 1353 ad
980 1312 1151 1353 exitum
1185 1326 1370 1366 vergere
1404 1313 1599 1354 Neronis
1624 1317 1924 1370 imperium,

281 1395 327 1431 et
370 1391 636 1444 praesertim
677 1404 703 1432 a
746 1390 891 1433 Galba
933 1392 1100 1433 instare
1144 1392 1405 1447 periculum.
1449 1392 1554 1434 Non
1596 1391 1672 1435 illa
1704 1390 1926 1446 Galbae

282 1469 371 1511 filia
403 1484 521 1512 nunc
554 1476 788 1525 tamquam
817 1472 941 1526 pacis
968 1473 1107 1513 utitur
1135 1473 1337 1527 pignore,
1367 1485 1514 1526 neque
1542 1472 1631 1514 iam
1658 1477 1804 1516 antea
1815 1472 1935 1533 deJ

280 1549 356 1590 illa
398 1564 569 1604 poenas
610 1551 748 1592 sumit
785 1565 938 1593 earum
971 1565 1131 1602 rerum,
1166 1565 1282 1606 quae
1315 1553 1372 1594 de
1405 1557 1534 1606 patre
1566 1553 1661 1594 eius
1691 1563 1880 1608 exspem

281 1635 435 1671 tantur
467 1630 621 1685 (atque
653 1631 699 1672 id
732 1645 823 1672 non
855 1630 1002 1673 solum
1031 1631 1359 1686 permittebant
1385 1632 1599 1686 antiquae
1626 1631 1930 1688 opinionemvffj·

281 1710 360 1750 sed
394 1710 531 1751 etiam
564 1710 852 1764 Tigellinum,
884 1712 920 1752 si
953 1725 1000 1752 se
1033 1711 1214 1753 fidelem
1242 1712 1437 1753 Neronis
1462 1712 1635 1754 socium
1659 1700 1932 1768 praeberef'j?

282 1790 508 1840 voluisset,
544 1790 739 1832 decebat
771 1791 911 1845 illud),
944 1791 1023 1832 sed
1058 1791 1146 1849 iam
1179 1797 1314 1832 antea
1346 1790 1532 1842 Galbae,
1560 1804 1686 1834 arma
1716 1777 1933 1836 contra'

281 1870 601 1925 imperatorem
634 1870 850 1920 moventi,
885 1871 1204 1924 impunitatem
1238 1870 1477 1925 praestitit,
1511 1883 1647 1930 quam
1679 1881 1918 1913 mwcem

280 1950 338 1991 ab
372 1949 447 1991 illo
474 1963 522 1991 se
550 1956 844 2004 accepturum
870 1950 1096 2004 sperabat.
1126 1950 1191 1991 At
1217 1949 1347 2003 aliter
1373 1964 1444 1992 res
1469 1951 1653 1992 cecidit:
1681 1950 1933 2012 populus*

280 2029 401 2070 enim
445 2029 616 2070 dudum
659 2028 884 2083 Tigellino
927 2029 1126 2080 infestus,
1170 2043 1273 2071 cum
1316 2030 1492 2071 videret
1525 2030 1671 2072 inviso
1702 2017 1927 2091 homini-'513

279 2108 495 2149 auxilium
529 2108 631 2150 ferri
664 2122 691 2150 a
724 2108 876 2158 Vinio,
910 2109 986 2163 qui
1019 2114 1066 2150 et
1097 2110 1195 2163 ipse
1222 2108 1309 2150 hoc
1335 2115 1543 2164 tempore
1571 2110 1615 2151 in
1642 2097 1947 2171 pubhcunr'*

279 2187 526 2228 incurrerat
552 2188 722 2238 odium,
750 2201 805 2229 eo
829 2188 1102 2242 pertinacius
1123 2188 1333 2243 Tigellini
1357 2189 1603 2243 perniciem
1626 2186 1934 2248 flag1tabat.

339 2267 397 2308 H.
431 2267 488 2316 II,
521 2277 593 2320 45.
638 2267 860 2309 Enarrato
905 2268 1091 2322 proelio,
1135 2282 1226 2322 quo
1269 2267 1519 2310 Othoniani
1554 2282 1582 2309 a
1618 2265 1925 2330 Vitellianus

278 2347 341 2387 ita
382 2352 486 2387 sunt
527 2346 755 2401 profligati
797 2353 846 2388 ut
889 2348 984 2401 ipse
1021 2345 1145 2389 Otho
1176 2361 1256 2389 sua
1287 2347 1372 2389 sibi
1405 2361 1541 2389 manu
1573 2347 1925 2405 consciscere&

277 2432 485 2476 mortem,
516 2427 580 2468 sic
613 2428 761 2481 pergit
794 2428 1002 2469 Tacitus.
1869 2479 1880 2484 ,

340 2506 431 2559 „At
469 2506 740 2548 Vitellianus
771 2508 996 2549 exercitus
1028 2508 1085 2549 ad
1120 2508 1328 2562 quintum
1360 2521 1386 2548 a
1419 2508 1639 2557 Bedriaco
1669 2506 1927 2563 lapidem

275 2586 495 2635 consedit,
529 2599 620 2627 non
652 2586 770 2627 ausis
803 2587 964 2628 eadem
997 2587 1069 2628 die
1102 2587 1494 2641 obpugnationem
1522 2583 1817 2629 castrorumfl’
1952 2646 1956 2650 J

335 2666 483 2707 Ceteri
528 2667 725 2708 editores
767 2681 857 2721 quo
900 2668 1039 2709 modo
1081 2668 1288 2721 accipere
1329 2667 1441 2708 haec
1483 2666 1660 2709 soleant
1701 2675 1912 2719 nescio,
1909 2650 1915 2654 ⁵

275 2745 385 2786 nihil
418 2746 538 2786 enim
571 2752 807 2796 annotant,
840 2748 920 2788 sed
955 2752 1108 2788 metuo
1137 2761 1192 2788 ne
1222 2746 1386 2788 multos
1414 2760 1570 2788 eorum
1597 2747 1642 2788 in
1670 2750 1912 2810 errorem

275 2825 504 2866 induxerit
536 2831 582 2866 et
615 2840 671 2867 ne
702 2826 906 2881 legentes
939 2828 1075 2868 etiam
1108 2827 1152 2867 in
1186 2839 1383 2867 errorem
1416 2824 1602 2868 inducat
1627 2822 1919 2883 plerosqwe

275 2904 386 2945 haec
420 2904 574 2946 Orellii
603 2907 854 2956 annotatio,
881 2920 971 2961 qua
998 2907 1108 2947 nihil
1136 2907 1241 2947 novi
1270 2906 1544 2960 perversius:
1577 2899 1916 2960 „castrorum

275 2997 365 3024 non
391 2984 567 3025 illorum
595 2998 710 3038 quae
736 2999 773 3027 c.
801 2998 854 3041 39
876 2985 1332 3028 commemorantur”.
1355 2985 1516 3039 Capite
1538 2986 1658 3027 enim
1683 2984 1840 3041 3911.;
