2040 3412
895 285 981 328 229

127 393 379 444 addideris,
424 381 689 447 languidum
728 394 892 436 reddes
925 396 1048 449 quod
1083 400 1187 437 acre
1219 395 1302 436 fuit
1335 399 1381 436 et
1414 394 1643 436 mordax..
1669 393 1735 435 Cf.

133 474 193 518 A.
209 474 291 525 VI,
308 485 331 516 2
345 473 470 529 (Post
488 479 683 515 mortem
699 473 850 516 Seiani
868 481 914 516 et
932 474 1045 516 aliae
1064 475 1333 516 dicebantur
1350 475 1408 521 ab
1427 473 1737 516 adulatoribus

74 541 94 561 *³
131 555 303 603 ffib'erii
340 555 392 597 'in
435 559 597 597 senatu
642 556 898 597 sententiae
940 562 986 598 et
1028 556 1180 611 haec):
1219 556 1365 609 „bona
1399 554 1550 597 Seiani
1585 554 1738 597 ablata

64 623 94 663 ἶ
128 636 306 680 aerario
342 641 390 677 ut
424 635 468 676 in
502 634 660 676 fiscum
696 642 981 690 cogerentur,
1015 642 1252 691 tamquam
1285 635 1516 677 referret.”
1562 635 1619 677 A.
1655 635 1736 685 XI,

63 710 109 749 ἶ
131 717 214 772 36:
247 721 438 772 „sponte
466 729 523 758 an
554 721 740 758 coactus
767 722 861 758 tam
892 731 1057 772 magna
1085 718 1380 772 peccavisset,
1400 715 1509 758 nihil
1527 715 1737 757 referre.”

133 796 195 841 Η.
241 797 298 848 11,
345 807 394 852 7:
446 810 556 850 „nec
600 796 780 846 referre,
816 797 1054 838 Vitellium
1087 811 1144 838 an
1179 796 1411 839 Othonem
1445 797 1735 851 superstitem

135 876 317 924 fortuna
349 876 563 921 faceret.’'
613 877 670 918 H.
707 877 788 927 III,
823 877 903 919 66:
943 878 1014 931 „id
1047 877 1191 918 solum
1227 877 1406 926 referre,
1441 878 1735 918 novissimum

133 958 366 1015 ,spiritum‘
405 972 487 1013 per
534 958 779 1000 ludibrium
828 964 873 1000 et
921 958 1222 1000 contumelias
1268 957 1504 999 'effundant
1551 971 1608 999 an
1657 971 1737 1012 per

49 1033 399 1101 &frvirtutemss'
464 1039 608 1081 Vides
665 1039 876 1080 omnibus
933 1036 1072 1080 hisce'
1110 1038 1348 1080 sententiis
1396 1038 1591 1080 eundem
1641 1051 1737 1078 esse

47 1116 95 1157 ἦ
135 1119 351 1169 colorem,
385 1120 580 1161 eandem
614 1119 1002 1161 acerbitatem...
1039 1124 1176 1173 atque
1212 1119 1351 1160 verbo
1384 1119 1533 1173 refert
1564 1117 1735 1159 nullum

41 1234 57 1244 2
133 1199 543 1256 addi‘genitivum.
579 1198 698 1253 Quid
734 1213 856 1253 ergo,
890 1200 925 1240 si
959 1204 1211 1240 statuamus
1240 1204 1395 1240 nostro
1422 1212 1605 1252 quoque
1634 1180 1736 1239 loco

133 1281 365 1337 scripsisse
398 1281 635 1322 Taciturn:
674 1293 790 1333 „non
826 1279 1008 1329 referre,
1034 1279 1069 1320 si
1098 1278 1388 1320 citharoedus
1416 1279 1736 1320 demoveretur

50 1347 71 1423 ἦ
131 1366 183 1404 et
207 1361 472 1417 ‘tragoedus
515 1359 839 1402 succederet'’?
889 1360 1010 1401 Num
1045 1359 1311 1401 incredibile
1345 1364 1413 1400 est
1445 1359 1737 1414 adscripsisse

63 1435 69 1449 ⁵
134 1422 354 1497 aliquem:
410 1441 694 1495 „dedecori”‚
744 1454 835 1495 quo
884 1446 1114 1497 utcunque
1163 1440 1438 1494 significaret
1485 1440 1572 1481 hoc
1621 1439 1736 1481 velle

133 1527 392 1566 auctorem:
432 1522 579 1575 „idem
613 1535 711 1563 esse
746 1521 978 1574 utriusque
1010 1521 1073 1563 rei
1108 1520 1306 1562 dedecus
1339 1526 1385 1561 et
1419 1521 1612 1575 eandem
1647 1526 1736 1561 tur-

130 1601 451 1659 .pitudinem”?
500 1602 647 1643 Immo
679 1601 835 1643 audire
871 1601 979 1658 mihi
1013 1600 1209 1641 hominis
1242 1614 1403 1642 vocem
1435 1601 1606 1641 videor.

197 1683 256 1726 A.
288 1683 393 1733 XV,
421 1684 493 1738 69.
524 1683 742 1725 Vestinus
770 1682 939 1732 consul,
970 1677 1141 1723 Neroni
1165 1696 1272 1736 prae
1291 1682 1452 1723 ceteris
1471 1681 1736 1723 mortalibus

35 1747 49 1809 ζ
86 1765 320 1815 tz-invisus,
359 1765 477 1806 inter
510 1764 630 1819 ipsas
664 1763 820 1818 epulas
853 1763 1027 1804 immite
1061 1763 1118 1804 ab
1151 1760 1425 1818 imperatore
1458 1762 1624 1816 accipit
1658 1762 1737 1802 im-

127 1845 326 1901 :perium5
360 1845 484 1899 quod
519 1844 760 1886 confestim
793 1844 1077 1896 exsequitur:

128 1958 134 1965 .
201 1925 505 1980 ,'‚Circumdati
540 1925 721 1966 interim
754 1924 974 1973 custodia,
1009 1924 1085 1977 qui
1118 1923 1249 1964 simul
1284 1923 1620 1976 discubuerant,
1654 1936 1737 1964 nec

127 1994 223 2048 -nisi
265 2011 484 2061 provecta
528 2011 664 2047 nocte
698 2005 851 2046 omissi
884 2010 1002 2054 sunt,
1037 2009 1279 2058 postquam
1315 2016 1533 2057 pavorem
1566 2015 1736 2051 eorum,

138 2101 196 2128 ex
243 2099 400 2128 mensa
442 2086 632 2127 exitium
676 2086 1014 2140 opperientium
1056 2090 1102 2125 et
1146 2070 1506 2137 imaginatus'et
1550 2084 1738 2125 irridens

131 2167 263 2210 Nero
294 2168 403 2210 satis
436 2167 645 2222 supplicii
678 2166 811 2208 luisse
845 2167 908 2207 ait
941 2179 1024 2220 pro
1057 2165 1200 2219 epulis
1233 2164 1588 2206 consularibus.”

196 2248 314 2290 Tum
356 2249 541 2290 demum
575 2247 722 2288 Taciti
757 2247 829 2288 hic
863 2260 1047 2287 manum
1081 2258 1393 2300 agnoscemuS,
1427 2245 1462 2285 si
1496 2250 1737 2298 utrumque

135 2337 178 2372 et
208 2329 318 2385 (tam
350 2328 460 2371 illud
494 2329 619 2383 quod
653 2333 759 2369 ante
794 2341 930 2381 quam
965 2327 1087 2381 quod
1123 2332 1226 2380 post
1258 2326 1532 2380 imaginatus
1558 2323 1736 2379 legitur)

32 2466 38 2472 ρ
131 2410 360 2464 simulque
402 2409 692 2464 participium
735 2409 934 2450 irridens
975 2407 1299 2448 deleverimus:
1348 2412 1617 2460 „postquam
1661 2419 1739 2460 pa-

43 2482 59 2532 s
127 2488 297 2532 ⁴'vorem
345 2503 501 2531 eorum
550 2503 607 2530 ex
656 2502 812 2530 mensa
855 2488 1044 2529 exitium
1088 2486 1423 2541 opperientium
1467 2486 1738 2540 imaginatus

128 2569 265 2612 [Nero
290 2571 398 2612 satis
415 2570 625 2625 supplicii
643 2569 777 2610 luisse
794 2568 901 2610 ait.''
935 2568 1105 2622 Ecquis
1124 2573 1327 2608 nostrum
1347 2581 1466 2608 nunc
1485 2568 1738 2608 monendus

129 2650 279 2695 *etiam
311 2656 380 2692 est
412 2650 470 2692 ab
502 2651 720 2692 irridente
752 2649 863 2690 haec
900 2649 1083 2689 Nerone
1118 2646 1267 2689 dicta?
1302 2647 1437 2688 Haud
1471 2648 1647 2702 opinor.

198 2730 256 2772 A.
302 2730 430 2781 XVI,
476 2741 515 2772 2.
559 2730 637 2771 Ab
680 2730 931 2783 impostore
974 2729 1194 2782 deceptus
1239 2728 1361 2769 Nero
1404 2728 1610 2782 ingentes
1653 2727 1738 2769 sibi

137 2812 233 2854 auri
259 2812 494 2854 thesauros
523 2816 727 2866 repertos
755 2809 963 2859 credidit,
993 2822 1187 2862 cumque
1216 2808 1331 2849 forte
1349 2808 1512 2849 eodem
1531 2813 1738 2863 tempore

132 2892 233 2935 *ludi
286 2891 648 2947 quinquennales
708 2890 1045 2932 celebrarentur
1092 2889 1263 2944 largam
1311 2890 1428 2931 hanc
1476 2890 1738 2944 imperatori

138 2972 352 3015 adulandi
386 2973 623 3014 materiem
651 2972 783 3013 avide
812 2971 1099 3025 arripuerunt
1127 2967 1353 3012 oratores:
1383 2983 1474 3011 non
1502 2970 1738 3011 confusum
