2040 3412
945 249 973 290 9

201 331 349 376 Probe
382 341 568 383 memini
601 350 661 395 et,
696 348 779 390 nisi
809 355 1132 411 meminissem,
1161 363 1309 418 ipsum
1339 374 1573 428 exemplar
1600 378 1748 422 Taciti

137 423 231 466 quo
258 413 348 457 iam
377 416 612 472 Gymnasii
641 424 1086 481 Amstelodamensis
1114 443 1360 500 discipulus
1384 466 1487 495 usus
1503 469 1617 507 sum,
1637 461 1745 503 mihi

136 491 295 536 multis
331 497 470 552 signis
511 502 849 562 interrogativis
887 529 982 557 rem
1013 519 1058 560 in
1094 530 1295 569 mentem
1329 544 1543 577 revocare
1575 547 1744 592 posset,

134 583 208 614 me
251 587 355 618 cum
397 581 594 633 primum
636 589 795 631 sedulo
839 606 1027 648 operam
1071 601 1234 646 Tacito
1272 609 1380 652 dare
1413 613 1661 670 inciperem
1696 622 1741 663 in

130 650 218 694 hoc
264 654 364 710 ipso
409 658 512 702 loco
555 664 723 709 diutius
766 669 966 717 haerere.
1013 664 1218 725 Videbar
1260 689 1370 730 mihi

1414 693 1471 734 de
1514 698 1740 742 seditione

51 739 58 754 ·‘
129 732 327 787 quadam
356 739 556 784 cohortis
584 747 818 792 cuiusdam
847 753 1069 800 Ostiensis
1097 761 1261 817 legere,

1291 768 1459 814 deinde
1487 775 1547 816 ob
1575 777 1736 822 intem-

62 852 65 857 ,
127 814 353 867 pestivam
380 819 656 879 plenamque
684 831 871 882 periculi
901 837 957 877 de
986 838 1262 894 imperatore
1279 861 1360 890 suo
1379 852 1733 903 sollicitudinem

123 891 350 950 obiurgari
383 903 749 962 reprehendique
776 912 834 953 ab
864 914 1049 961 Othone
1077 923 1290 969 videbam
1318 955 1377 960 —
1404 938 1730 986 praetorianos.

54 999 57 1001 -
122 971 286 1029 Neque
318 983 473 1023 tamen
507 983 730 1031 Ostiensis
763 991 863 1035 illos
896 997 1056 1055 mjssos
1084 1002 1232 1047 facere
1260 1015 1491 1065 poteram3
1520 1016 1729 1072 legebam

49 1074 60 1094 ;,
118 1054 240 1097 enim
268 1057 326 1100 de
354 1061 573 1107 militibus
599 1069 750 1112 urbem
779 1079 1065 1127 pet-entibus:
1090 1085 1270 1130 aliunde
1286 1104 1394 1146 ergo
1412 1094 1474 1136 illi
1495 1108 1727 1144 venerant.

94 1133 179 1176 ⁴Et
221 1140 438 1192 quoniam
484 1143 633 1190 Ostiae
674 1151 718 1193 in
762 1156 909 1210 prima
951 1165 1211 1208 narratione
1256 1177 1352 1213 erat
1386 1173 1506 1217 facta
1534 1182 1721 1233 mentio,

118 1211 244 1259 Ostia
269 1218 370 1262 illos
397 1228 643 1271 accurrisse
671 1233 780 1275 mihi
809 1241 1065 1283 constabat.
1091 1245 1301 1303 Denique
1319 1252 1363 1293 in
1383 1256 1546 1299 eodem
1571 1273 1721 1304 errore

113 1297 327 1341 versabar
373 1303 418 1344 in
463 1319 554 1360 quo
598 1309 795 1356 haesisse
838 1317 1131 1366 Plutarchum
1175 1341 1294 1371 nunc
1338 1334 1504 1377 scimus
1547 1352 1719 1384 omneS.

82 2419 172 2464 Hic
213 2425 418 2484 plerique
458 2438 553 2476 tam
588 2438 759 2482 efficaci
792 2446 946 2487 statim
981 2462 1139 2493 manus
1173 2454 1346 2499 dabant
1378 2461 1608 2515 scientiae,
1642 2473 1690 2509 at

79 2515 193 2546 unus
227 2512 274 2548 et
305 2509 420 2552 alter
451 2517 729 2567 pertinacior
761 2529 881 2566 erat:
916 2526 1206 2574 Plutarchum
1239 2539 1507 2592 contulerat,
1539 2545 1603 2587 ita
1636 2553 1686 2589 ut

71 2579 118 2622 in
150 2587 300 2628 tenaci
328 2588 536 2636 haereret
563 2610 721 2650 coen0,
750 2604 871 2645 unde
900 2606 1105 2660 plantam
1133 2614 1327 2658 evellere
1355 2632 1447 2662 non
1475 2624 1679 2669 auderet.

73 2660 175 2717 Ego
217 2680 338 2719 vero,
381 2673 452 2713 cui
489 2675 715 2721 Plutarchi
748 2693 1058 2737 opponeretur
1090 2696 1349 2748 auctoritas,
1384 2700 1460 2742 diu
1492 2727 1551 2733 —
1583 2705 1680 2747 infi-

72 2741 173 2785 tiari
217 2747 324 2790 nolo
356 2775 413 2781 —
446 2757 590 2798 tacui:
631 2761 740 2813 quid
774 2764 896 2806 enim
931 2767 1155 2814 facerem?

72 2827 324 2869 accuratius
346 2834 588 2887 pensitata,

70 2907 116 2944 et
142 2917 282 2958 prave
305 2911 442 2953 vertit
460 2945 469 2955 .
489 2946 499 2955 .

1188 2775 1396 2821 Tandem
1430 2787 1599 2836 tamen,
1633 2802 1680 2829 re

608 2839 883 2886 exclamavi:
903 2846 1112 2893 Taciturn
1132 2867 1240 2909 ergo
1258 2860 1396 2901 vertit
1413 2862 1678 2910 Plutarchus

519 2947 528 2956 .
549 2948 558 2956 .
578 2931 778 2975 ergoque
796 2922 1082 2972 falsissimum
1102 2946 1199 2975 esse
1216 2935 1468 2983 luculenter
1484 2954 1677 3000 apparet
