2040 3412
930 303 1013 347 149

75 394 98 458 ⁵2
161 410 352 458 modicis
386 410 657 466 penatibus'’
692 411 840 454 fuisse.
875 413 999 454 Nihil
1033 427 1142 468 ergo
1172 416 1240 455 est
1269 427 1347 455 cur
1376 411 1548 454 Tiberii
1577 412 1638 454 ob
1666 426 1770 454 ean-

157 491 264 535 dem
298 505 396 536 rem
429 491 644 534 miremur
677 491 912 535 laetitiam.
947 492 1036 548 Qui
1069 494 1104 535 si
1139 494 1197 536 de
1230 507 1283 536 ea
1309 494 1367 536 ad
1395 499 1604 535 senatum
1634 492 1769 548 paulo

144 569 354 621 liberius,
397 571 506 626 quin
547 572 686 614 etiam
725 572 861 627 paulo
900 573 1180 624 insolentius,
1214 574 1392 616 locutus
1425 579 1506 624 est,
1542 574 1642 628 quis
1674 578 1769 615 tam

105 659 111 670 ’·
155 651 338 707 iniquus
381 657 430 694 ut
471 652 627 694 statim
672 653 967 695 iactationem
1011 661 1056 696 et
1100 669 1191 697 non
1236 655 1471 696 ferendam
1508 654 1769 710 superbiam

67 746 87 779 ,ἑ
159 731 405 777 odoretur?
434 732 599 774 Nonne
629 733 839 788 proloqui
867 734 907 775 ei
934 733 1126 776 licebat:
1160 734 1295 788 „nulli
1323 740 1429 776 ante
1456 735 1769 776 Romanorum

63 794 89 849 ’ᾗ
160 812 366 856 eiusdem
407 812 573 868 fastigii
612 813 708 856 viro
741 815 972 868 geminam
1007 816 1195 870 stirpem
1229 814 1451 857 editam”?
1484 815 1769 865 Praesertim,

79 889 86 897 '
160 893 198 936 si
231 907 387 935 verum
414 899 512 935 erat
540 893 675 935 illud:
705 894 751 936 id
780 901 933 937 autem
963 896 1059 951 ipse
1088 896 1274 938 Tacitus
1297 897 1448 938 verbis
1466 897 1606 938 modo
1622 896 1770 938 allatis

71 1029 74 1034 Α
161 979 368 1018 testatur.
410 974 531 1030 Quid
567 976 934 1030 ergoattinebat
967 977 1126 1018 odiosa
1159 977 1256 1018 ista,
1277 975 1570 1032 praemittere
1603 976 1766 1018 verba:

165 1060 321 1110 „tanto
363 1055 532 1110 gaudio
575 1056 829 1110 principem
873 1057 1038 1107 affecit,
1070 1057 1127 1098 'ut
1159 1071 1251 1098 non
1283 1058 1624 1112 temperaverit,
1659 1057 1767 1111 quin

158 1134 396 1180 iactaret”?
430 1135 559 1190 Quae
592 1137 768 1191 et·ipsa
801 1138 917 1179 inter
944 1151 992 1179 se
1019 1143 1219 1179 certant:
1250 1152 1356 1179 nam
1383 1139 1419 1179 si
1446 1137 1568 1179 illam
1597 1137 1769 1179 Tiberii

157 1217 412 1259 orationem
444 1216 671 1259 insolitum
698 1218 919 1272 gaudium
955 1219 1237 1273 provocavit,
1272 1218 1419 1260 nullus
1447 1219 1536 1260 iam
1563 1219 1767 1274 intempe-

86 1288 90 1297 ’
154 1298 337 1341 rantiae
379 1303 426 1339 et
467 1298 720 1340 iactationis
763 1298 1032 1353 relinquitur
1064 1299 1240 1340 crimini
1272 1299 1412 1358 locus,
1447 1299 1537 1341 Cur
1569 1299 1768 1353 denique

158 1378 390 1420 mordacia
433 1379 518 1420 ista
559 1383 888 1420 annectuntur:
927 1393 1058 1432 „nam
1092 1385 1269 1430 cuncta,
1303 1381 1443 1422 etiam
1475 1380 1674 1430 fortuita,
1708 1381 1766 1422 ad

158 1457 348 1514 gloriam
391 1458 649 1500 vertebat”?
683 1459 734 1500 In
769 1459 892 1513 bono
925 1460 1131 1515 principe
1163 1460 1306 1510 facile,
1328 1461 1551 1502 eiusmodi
1584 1460 1768 1503 ferimus

159 1539 307 1589 dicta;
341 1538 510 1581 malum
543 1539 742 1594 aliquem
775 1539 910 1581 fuisse
943 1541 1197 1595 principem
1231 1555 1289 1582 ex
1320 1540 1406 1583 illis
1434 1542 1611 1583 efficere
1641 1542 1768 1583 nolu-

161 1633 274 1663 mus,
318 1619 409 1663 Sed
453 1620 570 1662 hanc
614 1620 901 1674 iniquitatem
944 1634 1035 1662 non
1075 1635 1133 1662 ex
1165 1621 1316 1663 studio
1350 1621 1426 1663 illo
1459 1622 1630 1663 Tiberii
1663 1635 1766 1663 cum

161 1701 427 1743 Domitiano
454 1700 718 1742 conferendi
746 1706 901 1743 natam
927 1689 1038 1751 esse,
1066 1715 1226 1743 verum
1253 1715 1310 1743 ex
1332 1701 1421 1743 alio
1440 1715 1540 1744 eam
1560 1715 1766 1744 manasse

103 1806 119 1821 ,-
159 1779 285 1823 fonte
317 1786 511 1823 testatur
543 1781 705 1836 capitis
737 1780 858 1822 finis:

224 1860 341 1916 „Sed
370 1861 540 1917 populo
569 1861 647 1903 tali
677 1862 721 1903 in
749 1867 958 1916 tempore
987 1862 1031 1903 id
1061 1876 1244 1917 quoque
1273 1862 1479 1904 dolorem
1507 1863 1624 1914 tulit,
1653 1869 1767 1905 tam-

159 1954 297 1997 quam
324 1947 483 1984 auctus
509 1941 662 1983 liberis
690 1942 862 1983 Drusus
886 1942 1074 1984 domum
1098 1942 1356 1984 Germanici
1381 1944 1524 1998 magis
1541 1943 1766 1999 urgeret.'’

159 2021 227 2066 Cf.
260 2022 512 2064 Karstenus
545 2037 588 2077 p.
622 2033 678 2077 92
712 2036 812 2077 sqq.
847 2022 904 2064 de
936 2023 1086 2073 Drusi,
1119 2023 1290 2064 Tiberii
1316 2023 1407 2073 filii,
1437 2030 1483 2065 et
1509 2023 1766 2066 Germanici

157 2102 536 2158 Agrippinaeque
568 2102 843 2144 factionibus
877 2104 1230 2158 prudentissime
1264 2104 1514 2159 disputans.

219 2182 278 2225 A.
311 2183 370 2233 ΙΙ,
403 2183 473 2224 88.
512 2183 738 2237 „Reperio
767 2188 878 2238 aput
905 2183 1149 2238 scripTores
1171 2183 1199 2239 ¹)
1227 2186 1476 2226 eorundem
1505 2191 1764 2241 temporum

158 2262 487 2318 Adgandestrii
530 2264 746 2318 principis
789 2263 1059 2305 Chattorum
1101 2264 1243 2306 lectas
1287 2265 1330 2305 in
1373 2271 1534 2307 senatu
1575 2266 1763 2317 litteras,

159 2343 323 2398 quibus
356 2349 550 2385 mortem
583 2343 781 2385 Arminii
814 2344 1126 2399 promittebat,
1156 2345 1192 2386 si
1221 2346 1471 2399 patrandae
1500 2347 1599 2388 neci
1627 2361 1763 2388 vene-

159 2436 267 2466 num
296 2425 565 2475 mitteretur,
593 2438 952 2479 responsumque
980 2439 1076 2466 esse
1104 2439 1194 2466 non
1218 2425 1374 2467 fraude
1393 2440 1541 2481 neque
1561 2427 1763 2478 occultis,

157 2505 238 2547 sed
266 2504 418 2560 palam
445 2510 492 2547 et
519 2511 743 2547 armatum
772 2505 993 2560 populum
1022 2506 1280 2547 Romanum
1301 2506 1456 2548 hostes
1473 2521 1578 2549 suos
1595 2508 1763 2550 ulcisci.

209 2651 245 2697 1)
267 2653 311 2685 In
339 2653 460 2686 codice
486 2656 537 2685 est
564 2653 665 2695 apud
686 2652 875 2695 scriptores
899 2657 1151 2696 senatoresque,
1175 2658 1281 2697 atque
1307 2655 1357 2687 sic
1383 2655 1508 2688 editur.
1535 2656 1633 2697 Quae
1659 2656 1765 2689 lectio

157 2720 236 2742 cum
268 2721 289 2743 a
321 2710 420 2743 nullo
455 2710 654 2743 mortalium
679 2710 832 2752 intelligi
858 2715 990 2753 posset,
1015 2710 1154 2743 fuerunt
1180 2713 1242 2755 qui
1268 2723 1309 2745 eo
1334 2713 1561 2746 fundamento
1585 2719 1766 2747 uterentur

157 2767 203 2800 ad
233 2769 344 2801 celsas
376 2769 555 2801 doctrinae
590 2774 700 2800 turres
731 2768 933 2811 exigendas.
961 2769 1051 2801 Mihi
1077 2780 1131 2802 res
1156 2771 1343 2804 admodum
1369 2773 1519 2815 simplex
1544 2773 1700 2807 videtur:
1726 2775 1764 2807 in

158 2826 268 2859 nostri
294 2827 425 2859 codicis
451 2838 516 2859 avo
542 2837 719 2869 proavove
746 2837 810 2868 pro
835 2826 1024 2868 scriptores
1045 2827 1140 2860 facili
1163 2839 1276 2862 errore
1299 2831 1466 2873 scriptum
1488 2832 1554 2865 fuit
1574 2838 1766 2872 senatores,-

157 2883 195 2916 in
219 2885 376 2927 margine
400 2890 574 2917 corrector
598 2895 715 2917 veram
736 2884 924 2916 lectionem
946 2885 1133 2927 scriptores
1153 2887 1327 2930 appinxit.
1350 2889 1458 2922 Cuius
1479 2891 1665 2924 consilium
1686 2903 1764 2925 cum

159 2951 232 2974 non
257 2943 472 2985 perspiceret
498 2943 541 2986 is,
567 2943 629 2985 qui
654 2942 717 2974 illo
743 2942 934 2985 exemplari
960 2943 1003 2974 ad
1030 2954 1160 2976 novum
1185 2945 1384 2979 faciendum
1409 2948 1566 2981 codicem
1590 2951 1765 2996 utebatur,

159 3009 202 3032 ex
227 3010 341 3033 errore
367 3005 400 3033 et
427 3001 642 3033 correctione
670 3011 765 3032 suam
792 3000 860 3032 sibi
884 3000 1074 3034 lectionem
1099 3003 1273 3038 conflavit.
