2040 3412
925 291 1001 335 115

161 401 360 452 consilia,
419 401 596 443 illorum
656 401 858 444 habebat
909 403 1069 452 socios,
1118 409 1355 458 suspectus
1403 410 1500 446 erat
1549 404 1763 447 Neroni”.

75 540 81 554 <
161 481 398 525 Tamenne
440 495 522 536 per
553 487 645 523 tres
677 482 770 524 sere
802 496 946 523 annos
980 496 1071 524 non
1103 482 1249 524 solum
1283 483 1521 526 incolumis
1553 484 1649 536 fuit,
1683 485 1764 526 sed

58 562 82 625 :³—
106 550 119 572 ⁹
146 562 300 605 *etiam
341 561 483 604 libere
526 561 722 616 quodvis
762 563 872 603 inire
906 562 1143 604 consilium
1177 569 1359 618 poterat
1391 578 1416 606 a
1448 564 1572 606 nullo
1605 566 1767 620 magis-

62 627 64 630 *
158 647 294 693 tratu,
337 657 364 685 a
404 642 527 684 nullo
568 656 593 684 e
636 642 831 684 Neronis
873 643 1062 685 canibus
1103 643 1382 686 custoditus?
1433 645 1550 687 Nam
1600 659 1766 700 magna

83 722 86 723 ⁷
110 731 111 734 ’
160 721 239 765 illa
269 723 376 765 anni
407 723 461 776 65
498 723 752 764 coniuratio
786 722 995 766 Scaevini
1024 724 1208 766 demum
1237 725 1439 766 vanitate
1468 727 1649 780 prodita
1677 731 1766 777 est;

162 808 298 847 antea
345 802 563 857 „mirum”
607 803 762 858 (ipsius
798 803 911 845 haec
945 804 1093 845 Taciti
1128 804 1266 846 verba
1297 806 1416 860 sunt)
1457 820 1617 861 „quam
1653 807 1769 848 inter

163 883 330 926 diversi
360 884 553 938 generis,
581 884 765 934 ordinis,
794 885 970 934 aetatis,
999 898 1147 935 sexus,
1177 885 1307 935 dites,
1336 900 1559 940 pauperes
1585 888 1768 928 tacitur-

54 1023 69 1027 Μ
164 965 307 1008 nitate
350 964 504 1006 omnia
544 964 747 1006 cohibita
778 964 912 1006 si'nt'’.
947 966 1018 1006 De
1051 966 1214 1007 Pisone
1248 970 1383 1008 n'emo
1417 965 1666 1021 quidquam
1701 973 1770 1009 est

56 1028 85 1087 ἷῗῖῑ·
110 1075 125 1093 -7
163 1045 418 1100 suspicatus
460 1050 706 1099 antequam
750 1045 974 1096 Milichus,
1017 1045 1227 1088 Scaevini
1258 1046 1460 1097 libertus,
1495 1061 1611 1102 quae
1645 1048 1769 1089 domi

62 1115 63 1122 ¹
165 1126 346 1183 patroni
394 1126 582 1167 vidisset
631 1127 783 1180 magni
831 1126 1017 1167 alicuius
1065 1126 1287 1177 facinoris,
1338 1128 1461 1182 quod
1511 1128 1768 1182 parabatur,

164 1212 290 1249 certa
321 1207 487 1248 indicia
519 1203 795 1261 prodidisset
830 1207 1024 1258 Neroni,
1061 1208 1200 1249 immo
1234 1222 1342 1249 vero
1375 1222 1432 1249 ne
1461 1209 1556 1263 ipse
1584 1209 1768 1263 quidem

165 1287 377 1330 Milichus
404 1287 655 1342 quidquam
683 1288 739 1329 de
769 1288 932 1329 Pisone
959 1288 1286 1342 suspicabatur,
1312 1302 1367 1330 ne
1393 1302 1559 1330 nomen
1583 1290 1770 1343 quidem

165 1369 260 1411 eius
302 1369 344 1410 ei
381 1369 425 1409 in
462 1374 663 1410 mentem
698 1369 837 1418 venit,
872 1382 977 1410 cum
1008 1368 1266 1410 sollertibus
1300 1367 1510 1410 Scaevini
1544 1371 1771 1424 responsis

165 1463 311 1505 paene
345 1448 571 1490 mendacii
603 1449 973 1498 convinceretur;
1008 1454 1105 1489 tum
1141 1448 1313 1489 Milichi
1347 1462 1487 1490 uxore
1521 1463 1634 1503 opus
1662 1455 1773 1498 erat,

166 1543 283 1585 quae
327 1529 540 1571 maritum
583 1529 854 1570 admoneret
903 1528 1185 1582 „Antonium
1230 1529 1442 1575 Natalem
1486 1529 1628 1571 multa
1670 1544 1773 1571 cum

168 1609 392 1653 Scaevino
436 1622 488 1651 ac
530 1615 706 1651 secreta
749 1609 1026 1651 collucutum
1071 1615 1117 1650 et
1154 1623 1244 1650 esse
1276 1617 1483 1664 utrosque
1518 1609 1564 1652 C.
1597 1609 1776 1652 Pisonis

167 1689 389 1733 mtimos”.
418 1689 465 1732 Si
492 1704 573 1745 per
600 1696 692 1732 tres
721 1689 821 1731 illos
847 1694 991 1731 annos
1019 1691 1136 1734 adeo
1165 1695 1402 1745 suspectus
1426 1690 1598 1731 Neroni
1621 1690 1777 1731 suisset

168 1771 286 1822 Piso,
314 1771 410 1826 ipse
440 1770 665 1821 Milichus,
694 1771 751 1812 ad
782 1771 942 1811 incitas
970 1771 1194 1820 redactus,
1224 1770 1348 1820 nihil,
1378 1776 1427 1811 ut
1454 1771 1629 1825 opinor,
1654 1771 1776 1825 prius
1824 1757 1829 1761 ¹

168 1844 572 1894 commemorasset
614 1865 751 1906 quam
792 1852 1039 1893 amicitiam
1086 1851 1259 1892 Pisonis
1301 1851 1597 1905 patronique;
1638 1852 1777 1892 immo

169 1945 279 1975 vero
319 1932 408 1974 iam
447 1937 545 1974 tum
586 1932 819 1974 Neronem
853 1933 1039 1986 eiusque
1071 1932 1241 1973 aulicos
1274 1932 1331 1972 de
1365 1931 1438 1973 illa
1472 1931 1652 1972 fecisset
1684 1945 1777 1972 cer-

168 2013 321 2063 tiores,
369 2026 473 2054 eum
516 2013 720 2054 nondum
765 2012 886 2053 illam
931 2012 1141 2066 pugionis
1184 2012 1468 2066 tragoediam
1512 2017 1776 2065 spectasset.

170 2093 419 2148 Fingamus
460 2098 615 2135 tamen
660 2092 830 2135 factum
869 2107 966 2134 esse
999 2093 1123 2146 quod
1159 2092 1293 2147 plane
1326 2093 1384 2133 sit
1418 2091 1696 2141 incredibile,
1732 2096 1778 2132 et

170 2188 210 2216 a.
244 2174 300 2216 62
335 2175 424 2215 iam
457 2175 501 2215 in
535 2187 613 2215 ore
640 2174 843 2215 omnium
871 2173 1005 2214 fuisse
1036 2173 1209 2214 Pisonis
1238 2186 1406 2214 nomen
1434 2178 1668 2226 tamquam
1697 2172 1778 2212 viri

171 2255 249 2309 qui
290 2254 474 2296 insidias
517 2254 690 2295 Neroni
731 2259 926 2295 strueret
964 2259 1010 2294 et
1042 2253 1101 2294 ab
1135 2253 1233 2307 ipso
1267 2253 1451 2294 Nerone
1484 2252 1780 2293 vehementer

173 2341 464 2385 metueretur,
508 2336 588 2376 secl
632 2340 736 2390 post
769 2336 883 2376 duos
916 2349 1059 2376 annos
1093 2340 1139 2376 et
1172 2347 1340 2375 nomen
1374 2339 1420 2374 et
1452 2333 1598 2374 virum
1630 2338 1779 2373 tanto-

172 2430 280 2472 pere
313 2417 358 2458 in
390 2417 670 2458 oblivionem
703 2416 881 2465 abiisse,
911 2422 974 2466 ut,
1004 2415 1125 2456 nulla
1155 2415 1321 2455 indicia
1350 2413 1495 2454 nullos
1523 2414 1780 2468 proditores

173 2503 394 2547 metuens,
424 2497 784 2538 coniurationem
812 2497 1043 2550 quandam
1072 2495 1283 2537 omnibus
1307 2495 1504 2536 numeris
1525 2493 1781 2535 absolutam

173 2578 313 2620 ordiri
354 2583 522 2633 posset,
567 2578 710 2632 ipsine
753 2577 929 2626 Tacito,
975 2590 1078 2617 cum
1123 2577 1179 2617 de
1226 2575 1299 2616 illa
1342 2587 1522 2615 narrare
1560 2574 1781 2628 inciperet

174 2657 296 2712 (XV,
328 2658 417 2711 48),
455 2657 661 2699 oblivisci
694 2657 861 2698 licebat
893 2671 940 2698 se
975 2657 1064 2697 iam
1098 2661 1235 2697 antea
1268 2668 1359 2696 non
1392 2653 1537 2695 solum
1571 2654 1781 2695 Pisonem

175 2738 446 2787 nominasse,
489 2738 568 2778 sed
613 2737 750 2778 etiam
794 2736 944 2790 palam
984 2735 1237 2777 declarasse
1271 2740 1367 2775 tum
1403 2734 1446 2788 (i.
1480 2747 1517 2774 e.
1553 2739 1659 2774 ante
1691 2739 1784 2774 tres

175 2817 334 2872 annos)
361 2831 520 2858 revera
546 2816 668 2858 illam
697 2817 1059 2857 coniurationem
1083 2815 1257 2869 cepisse
1282 2811 1485 2854 initium?
1510 2813 1637 2854 Haec
1661 2813 1782 2853 enim

176 2898 316 2956 verba
357 2898 452 2939 eius
495 2903 622 2938 sunt:
673 2896 818 2950 „unde
863 2896 1014 2937 Pisoni
1057 2896 1194 2936 timor
1232 2900 1278 2935 et
1311 2899 1411 2935 orta
1445 2893 1705 2934 insidiarum
1740 2894 1784 2934 in

178 2978 408 3021 Neronem
437 2991 602 3033 magna
628 2976 770 3018 moles
795 2981 841 3017 et
863 2974 1188 3031 improspera”.
1209 2975 1330 3016 Num
1350 2974 1466 3014 iusto
1484 2973 1786 3014 severioribus
