2040 3412
891 315 968 359 125

56 430 168 481 et
199 426 362 468 cedere
396 426 526 476 urbe,
555 425 780 468 victurum
815 426 859 468 in
894 426 1046 481 aliquo
1080 419 1239 469 abdito
1272 433 1317 469 et
1350 427 1602 482 longinquo
1630 442 1729 470 rure

56 492 393 565 ³-Jtestabatur3
423 505 556 548 simul
585 506 755 547 curiam
785 506 1085 561 relinquebat.
1115 507 1384 549 Commotus
1411 513 1480 549 est
1507 508 1728 558 Tiberius,

118 593 471 642 etquamquam
500 586 651 628 verbis
675 587 885 628 Pisonem
905 588 1225 642 permulsisset,
1246 589 1528 644 propinquos
1547 603 1728 644 quoque

48 659 215 714 -···Ῐοίυ5
247 666 442 722 impulit,
476 672 524 708 ut
557 667 804 709 abeuntem
833 669 1104 710 auctoritate
1136 668 1207 710 vel
1236 669 1447 724 precibus
1474 669 1729 711 tenerent”.

57 799 59 801 V
178 747 349 797 Deesse
382 747 628 806 narrationi
661 748 833 802 aliquid
867 754 944 790 aut
977 754 1124 791 totam
1158 763 1268 799 rem,
1303 763 1440 804 quam
1473 750 1726 805 apudauc·

115 833 239 871 tor-es
281 842 386 870 suos
423 829 672 879 invenerat,
706 842 797 870 non
832 829 1109 871 intellexisse
1144 829 1354 871 Tacitum
1389 830 1498 871 mihi
1532 836 1727 872 constat.

117 907 237 951 Nam
269 908 357 951 hoc
389 909 575 964 quidem
608 909 860 950 admodum
894 909 1124 959 credibile,
1158 923 1344 964 gravem
1372 910 1570 964 aliquem
1599 924 1725 952 sena-

115 990 278 1040 torem,
321 1003 426 1031 cum
467 1002 605 1044 saepe
639 990 696 1031 de
729 982 954 1044 corruptis
987 990 1189 1031 moribus
1221 978 1444 1045 ageretur,
1479 991 1725 1033 excessisse

48 1051 68 1102 s«
117 1068 386 1112 relationem
418 1075 464 1111 et
497 1070 554 1111 de
589 1070 713 1111 omni
745 1084 912 1124 genere
941 1061 1168 1120 vitiorum,
1198 1084 1281 1112 nec
1310 1071 1366 1112 de
1395 1085 1450 1112 eo
1476 1071 1573 1112 solo
1601 1072 1725 1126 quod

52 1133 79 1166 f
116 1155 226 1207 tunc
253 1150 558 1192 coercendum
586 1164 683 1192 esse
712 1150 964 1200 dicebatur,
993 1156 1294 1205 conquestum
1324 1165 1441 1201 esse;
1468 1165 1616 1206 neque
1640 1152 1726 1193 hoc

50 1259 62 1270 -.
115 1236 337 1279 amatura
377 1232 441 1273 rei
484 1231 681 1285 alienum
725 1245 829 1272 eum
873 1231 971 1286 ipsa
1011 1233 1267 1286 argumenti
1310 1232 1559 1273 acerbitate
1593 1232 1727 1273 solito

40 1303 64 1359 ‘fis
117 1312 262 1367 magis
291 1317 574 1354 commotum
603 1318 649 1353 et
676 1311 774 1353 aliis
800 1326 930 1353 usum
960 1304 1057 1353 esse
1086 1312 1303 1354 orationis
1331 1311 1526 1354 flosculis
1549 1318 1595 1354 et
1617 1313 1727 1354 hoc:

39 1413 64 1456 ·‘'.
119 1393 191 1447 „in
233 1398 328 1435 tam
371 1399 584 1448 corrupta
627 1393 738 1434 urbe
783 1393 936 1434 vivere
981 1407 1052 1434 me
1095 1394 1266 1443 taedet,
1313 1394 1518 1448 migrabo
1564 1394 1609 1435 in
1652 1407 1728 1435 rus

115 1473 301 1529 aliquod
333 1473 479 1525 solum
512 1479 558 1516 et
591 1473 865 1524 desertum’';
899 1475 1007 1528 quin
1036 1474 1175 1515 etiam
1205 1474 1375 1528 fingere
1403 1488 1587 1528 possum
1615 1480 1725 1516 stre-

40 1551 55 1606 χ’
117 1567 256 1596 nuum
297 1553 423 1596 illum
466 1560 694 1596 oratorem
737 1554 781 1595 in
826 1554 915 1596 fine
958 1555 1212 1596 sententiae
1253 1555 1512 1604 surrexisse,
1545 1555 1722 1605 abiisse,

116 1633 270 1676 valvas
301 1635 451 1677 curiae
483 1649 575 1676 non
609 1635 705 1676 sine
739 1648 906 1689 magno
939 1635 1131 1689 strepitu
1165 1635 1410 1689 impulisse,
1444 1636 1523 1676 sed
1554 1635 1723 1690 fingere

115 1727 207 1761 non
226 1728 449 1770 possum,
486 1715 522 1756 si
565 1715 629 1756 sic
672 1729 742 1756 res
774 1729 821 1756 se
855 1701 1027 1765 habuit,
1063 1716 1210 1770 ipsum
1244 1715 1352 1757 illud
1385 1716 1584 1758 abeundi
1618 1731 1724 1758 con-

37 1840 51 1858 ᾗ
103 1793 262 1847 silium
304 1801 351 1837 et
392 1809 419 1837 a
461 1795 747 1837 senatoribus
789 1801 835 1836 et
877 1809 904 1836 a
942 1795 1128 1837 Tiberio
1162 1801 1397 1850 tamquam
1430 1798 1597 1838 serium
1629 1803 1723 1839 tam

45 1879 48 1881 ’
113 1876 312 1931 graviter
343 1882 599 1932 acceptum.
635 1876 732 1918 Aut
764 1877 977 1931 denique,
1010 1877 1046 1918 si
1075 1877 1162 1918 hoc
1189 1891 1372 1931 quoque
1401 1877 1584 1928 factum,
1613 1877 1723 1919 nihil

113 1955 287 2000 facilius
327 1962 425 1998 erat
468 1971 612 2011 quam
649 1957 829 2012 placare
873 1957 1050 1998 iratum.
1097 1957 1260 1998 Dicere
1300 1963 1482 2012 poterat
1514 1958 1724 1999 Tiberius

49 2030 52 2039 '
112 2037 207 2079 sibi*
234 2037 408 2093 optime
441 2038 498 2079 de
533 2037 766 2092 republica
799 2038 1008 2079 meritum
1044 2038 1186 2079 videri
1223 2039 1447 2089 Pisonem,
1482 2039 1557 2093 qui
1592 2044 1722 2080 tanto

0 2104 1 2107 Ἴ
50 2127 51 2130 ’
112 2117 275 2159 ardore
320 2118 365 2159 in
408 2123 647 2173 corruptos
690 2124 809 2159 esset
850 2118 1058 2159 invectus
1102 2132 1263 2178 morea
1310 2124 1491 2173 poterat
1534 2119 1578 2160 in
1621 2133 1722 2160 eam

54 2239 57 2242 ,
111 2198 387 2240 sententiam
410 2198 506 2240 fieri
528 2198 985 2240 senatusconsultum.
1005 2198 1181 2240 Verum
1200 2199 1310 2240 nihil
1329 2199 1551 2240 eiusmodi
1570 2200 1721 2253 dicere

46 2327 47 2330 Ἴ
113 2278 186 2320 vel
227 2279 488 2330 decernere,
532 2280 612 2321 sed
657 2285 817 2334 putare
852 2279 1037 2320 mitibus
1071 2279 1220 2320 verbis
1254 2279 1325 2320 vel
1358 2280 1719 2334 propinquorum

111 2360 383 2402 auctoritate
434 2360 703 2415 precibusve
751 2373 777 2401 a
825 2360 1062 2414 proposito
1111 2359 1361 2401 abductum
1409 2360 1461 2401 iri
1510 2360 1718 2402 Pisonem

46 2432 58 2467 -Ϋ
111 2421 304 2482 stultitia
345 2447 442 2482 erat
629 2446 751 2482 certe
794 2441 829 2481 si
873 2445 973 2481 tota
1016 2439 1127 2480 haec
1172 2453 1241 2480 res
1286 2440 1348 2481 ita
1391 2454 1437 2481 se
1478 2439 1636 2482 habuit
1670 2447 1719 2483 ut

42 2511 55 2556 ⁵,
111 2521 298 2563 Tacitus
325 2516 490 2572 narrat,
519 2522 642 2576 quod
673 2521 782 2562 mihi
806 2535 896 2562 non
920 2520 1048 2562 facile
1068 2521 1428 2575 persuadebitur.
1450 2521 1546 2562 Nisi
1568 2521 1717 2563 Pisoni

55 2587 57 2590 .
111 2602 294 2659 propria
320 2603 547 2657 quaedam
574 2602 657 2644 fui-t
685 2608 731 2644 et
760 2601 999 2656 peculiaris
1020 2614 1154 2642 causa
1172 2615 1250 2642 cur
1267 2601 1329 2642 sic
1348 2607 1516 2655 ageret,
1535 2602 1717 2656 ineptus

110 2682 219 2737 ipse*
239 2681 335 2733 suit,
368 2684 448 2724 sed
482 2683 717 2738 aliquanto
751 2682 997 2736 ineptiores
1030 2681 1238 2722 Tiberius
1270 2687 1609 2736 senatoresque,
1639 2683 1715 2737 qui

110 2775 214 2804 eum
247 2763 441 2805 retinere
474 2763 547 2804 vel
579 2763 794 2804 reducere
828 2763 918 2803 sint
952 2761 1117 2803 conati.
1153 2760 1199 2802 Si
1233 2761 1431 2816 legerem
1464 2762 1662 2817 derisum
1690 2776 1716 2804 a

51 2834 56 2843 ’
108 2843 393 2897 senatoribus
425 2844 635 2885 Pisonem
670 2849 857 2898 propter
890 2842 1076 2883 nimiam
1111 2841 1462 2892 vehementiam,
1489 2842 1580 2884 iam
1610 2857 1716 2884 con-

19 2977 21 2982 A
58 2954 62 2987 3
107 2929 228 2972 stare
271 2924 379 2965 mihi
424 2925 486 2965 rei
530 2930 736 2966 narratae
779 2923 1009 2965 videretur
1052 2922 1181 2962 ratio.
1216 2921 1306 2964 Sed
1341 2922 1429 2964 alio
1464 2929 1715 2965 monstrare

17 3027 20 3031 ·
66 3039 69 3042 Α
109 3003 321 3047 videntur
353 3005 464 3046 haec
497 3005 636 3046 verba
669 3004 802 3054 LIV,
824 3017 862 3045 c.
887 3014 938 3044 21
982 3007 1160 3056 „actum
1188 3002 1354 3044 dehinc
1381 3003 1716 3059 deCalpurnio
