2040 3412
1087 239 1184 322 258⁴

386 383 541 425 Verba
557 384 779 437 diffi‘deret
792 367 1016 429 enimvero·
1029 388 1183 442 inepte
1201 389 1395 443 repetita
1413 389 1584 431 dudum
1602 395 1932 444 expunxerunt

328 463 539 505 editores.
573 463 618 504 A
650 465 788 507 vitam
822 479 987 508 novam
1019 473 1117 509 tum
1150 468 1375 522 incipiunt
1406 469 1695 511 sententiam.
1729 469 1820 512 Sed
1851 472 1924 521 ac-

327 543 579 587 cusativum
622 557 725 585 cum
757 544 982 587 infinitivo
1013 547 1152 589 vitam
1171 572 1229 578 —-—
1238 548 1477 602 probatam
1509 548 1626 590 male
1657 563 1761 591 cum
1793 559 1923 605 prae·
1998 532 2005 590 ᾗ,

325 622 593 664 cedentibus
621 624 863 666 cohaerere
895 631 1030 676 recte,
1060 632 1109 668 ut
1142 628 1353 681 equidem
1385 641 1563 678 cense0,
1598 629 1801 671 nonnulli
1834 635 1923 672 sta·
1998 643 2002 688 j

324 707 521 744 tuerunt.
566 702 656 745 Sed
700 705 822 758 quod
865 719 1037 748 amasse
1079 707 1150 748 vel
1192 708 1330 762 egisse
1371 708 1655 750 inseruerunt
1698 709 1819 764 (ante
1849 709 1923 752 vel
1994 720 1998 731 s

325 788 428 836 post
469 783 623 838 vitam)
668 797 827 838 parum
870 786 1117 839 probabilis
1159 801 1213 828 ea
1255 788 1516 830 emendatio
1549 789 1740 831 videtur.
1775 789 1922 834 Multo
1998 775 2015 794 ⁵

325 869 447 904 certe
479 863 650 905 leniore
687 865 913 906 medicina
944 866 1006 907 sic
1040 866 1164 908 locus
1197 868 1447 908 restituitur
1478 868 1523 909 in
1555 868 1803 923 integrum:

390 944 647 996 „enimvero
688 944 896 986 liberales
939 959 1118 1000 semper
1155 945 1315 1000 'epulas
1355 947 1569 988 struxisse
1602 947 1696 990 vita
1727 960 1923 991 amoena

273 1064 275 1066 .
326 1028 372 1063 et
405 1023 526 1064 duris
557 1024 780 1066 iudicibus
813 1039 972 1079 parum
1005 1026 1226 1080 probata⁹⁹

385 1109 435 1144 ut
475 1104 570 1146 vita
600 1118 780 1146 amoena
810 1113 853 1147 et
884 1137 893 1146 .
915 1137 924 1146 .
944 1138 953 1147 .
979 1106 1172 1160 probata
1203 1107 1260 1147 sit
1293 1105 1518 1148 ablativus
1550 1106 1796 1158 absolutus,
1829 1120 1922 1162 qua

326 1184 441 1225 ratio
475 1184 694 1226 redditur.

389 1343 447 1384 A.
486 1343 591 1393 XV,
629 1353 706 1398 59:

391 1424 576 1477 „Fuere,
621 1424 697 1478 qui
742 1425 923 1478 prodita
964 1425 1288 1475 coniuratione,
1334 1426 1441 1467 dum
1483 1426 1922 1479 auditurrMilichus,

327 1504 435 1545 dum
464 1503 643 1545 dubitat
671 1503 929 1553 Scaevinus,
959 1504 1247 1546 hortarentur
1276 1505 1487 1546 Pisonem
1505 1519 1695 1560 pergere
1713 1507 1758 1548 in
1775 1511 1927 1559 castra!

326 1589 404 1625 aut
436 1589 580 1625 rostra
613 1584 855 1625 escendere
888 1585 1128 1638 studiaque
1163 1584 1356 1626 militum
1389 1590 1435 1626 et
1469 1585 1625 1640 populi
1653 1585 1924 1641 temptare.”

385 1664 506 1706 Dum
547 1663 719 1706 dubitat
760 1663 1008 1706 Scaevinus.
1043 1663 1163 1718 Quid
1199 1664 1267 1705 his
1299 1664 1487 1706 vocibus
1517 1664 1824 1719 significatur?
1858 1665 1924 1709 Ut

327 1745 488 1798 opinor
530 1743 751 1792 condicio,
786 1744 831 1785 in
863 1757 952 1798 qua
985 1750 1187 1789 versatur
1221 1743 1467 1786 Scaevinus
1499 1757 1555 1786 eo
1589 1749 1799 1799 tempore
1830 1757 1923 1800 quo
1969 1754 1981 1759 “
2016 1742 2023 1762 “’

329 1822 538 1864 Milichus
567 1823 868 1877 interrogatur
895 1823 1088 1878 paulove
1117 1829 1288 1878 postea,
1318 1829 1440 1865 certe
1468 1829 1575 1866 ante
1602 1823 1711 1866 illud
1739 1829 1924 1880 tempus

327 1917 417 1957 quo
451 1903 675 1958 responsis
709 1903 896 1953 Natalis,
932 1917 1034 1945 cum
1066 1904 1204 1958 ipsius
1235 1917 1326 1945 non
1360 1903 1714 1958 congruentibus
1746 1903 1802 1960 (c.
1833 1904 1931 1960 56),-

326 1983 525 2038 confiteri
550 1983 747 2036 cogitur:
782 1996 886 2024 nam
915 1988 1011 2024 tum
1039 1988 1160 2024 certe
1189 1983 1393 2025 dubitare
1420 1983 1564 2024 desiit.
1599 1982 1735 2038 Quod
1763 1989 1918 2026 autem

325 2064 382 2104 ad
417 2064 563 2118 ipsum
597 2063 704 2104 illud
739 2064 937 2117 pertinet
963 2069 1157 2117 tempus,
1186 2077 1276 2117 quo
1305 2077 1331 2104 a
1361 2063 1546 2105 Milicho
1574 2069 1643 2105 est
1671 2064 1922 2109 indicatus:

326 2143 478 2184 statim
506 2149 602 2184 tum
630 2144 687 2184 ad
718 2143 946 2184 Neronem
975 2149 1043 2184 est
1061 2144 1284 2185 adductus
1302 2143 1477 2197 (raptus
1484 2151 1571 2198 per
1588 2143 1750 2186 milites
1764 2157 1803 2186 c.
1824 2144 1894 2200 55)
1909 2162 1933 2198 3-

325 2222 397 2263 h'rc
431 2224 493 2264 ita
525 2222 723 2277 loquitur
755 2229 804 2264 ut
832 2237 869 2264 e.
889 2237 926 2264 c.
954 2223 1123 2277 effugia
1150 2236 1362 2276 quaerere
1389 2222 1477 2264 dici
1506 2223 1661 2277 possit,
1691 2237 1782 2265 non
1811 2236 1919 2266 vero

322 2302 538 2353 dubitare.
573 2301 720 2356 Quem
754 2301 967 2343 effectum
1000 2302 1075 2343 illa
1103 2301 1266 2356 effugia
1293 2301 1535 2343 habuerint
1559 2302 1744 2344 Tacitus
1758 2291 1922 2346 'verbis

320 2390 369 2423 ut
409 2382 581 2424 labaret
622 2383 831 2424 indicium
875 2382 929 2437 (c.
966 2391 1015 2435 55
1061 2383 1191 2436 extr.)
1236 2382 1471 2435 perspicue
1515 2381 1737 2433 declarat3
1772 2388 1919 2440 vatque

320 2467 475 2503 nostro
508 2462 609 2503 loco
644 2475 738 2503 rem
772 2462 903 2503 nobis
937 2475 1034 2503 esse
1067 2475 1170 2502 cum
1202 2474 1257 2502 eo
1289 2466 1497 2515 tempore
1530 2462 1653 2515 quod
1685 2461 1772 2504 fuit*
1795 2467 1920 2517 post-

319 2555 456 2594 quam
481 2540 633 2582 labare
653 2542 869 2582 indicium
889 2542 1041 2596 coepit
1059 2547 1105 2582 et
1123 2546 1368 2595 antequam
1387 2540 1634 2597 Scaevinus
1651 2541 1917 2596 Natalisque

320 2621 484 2662 diversi
528 2621 793 2675 interrogati
837 2626 983 2662 totam
1023 2621 1382 2662 coniurationem
1415 2627 1687 2674 aperuerunt
1719 2634 1789 2663 res
1821 2621 1919 2676 ipsa

321 2699 499 2741 clamat.
545 2700 611 2741 At
654 2701 699 2741 in
732 2700 840 2741 illud
873 2706 1055 2755 tempus
1082 2701 1315 2742 dubitandi
1344 2699 1532 2742 verbum
1565 2714 1656 2742 non
1689 2700 1934 2762 convenit,-

321 2793 468 2833 neque
502 2779 688 2820 omnino
722 2780 872 2830 ullum,
908 2794 999 2835 quo
1022 2782 1185 2835 facere
1216 2779 1386 2833 aliquid
1421 2778 1667 2821 Scaevinus
1697 2779 1919 2834 significe-

320 2864 405 2900 tur.
436 2860 500 2901 Ut
530 2860 618 2901 iam
646 2860 869 2910 dicebam,
898 2861 1139 2915 requiritur
1160 2860 1349 2902 verbum
1366 2867 1531 2901 statum
1549 2860 1918 2915 condicionemque

320 2937 527 2980 Scaevini
572 2939 788 2981 indicans.
835 2941 1101 2995 Legendum
1145 2954 1241 2982 esse
1289 2940 1514 2994 suspicor:
1569 2940 1703 2993 „dum
1751 2940 1915 2986 dubius
