2040 3412
0 1161 25 1644 :zuefflwwfflmwfflrw-wzwaimis&
0 1042 24 1145 m
19 1109 22 1110 ,
22 1051 23 1054 Α
2 993 26 1031 ³323
3 951 26 975 22·
3 930 9 935 ⁷
6 904 31 913 ²,
1 881 23 886 J
3 793 19 806 ’ῑ-
5 762 22 776 2:
19 595 32 622 ,ἰ
19 573 26 575 ,
16 526 32 545 -,
19 494 23 500 ..
26 365 29 371 ,
7 308 34 351 ’Μ
1 276 30 292 ζ,
19 241 22 244 «
20 202 29 213 a,

30 926 35 938 ,,
31 876 33 878 ,
31 840 33 842 .
32 756 34 758 «
30 705 34 714 >v
36 657 41 659 χ
38 605 44 615 ,,
42 573 46 578 ”
33 549 38 553 ›
30 495 39 516 νὴ
32 407 53 451 ‘1⁸²
40 386 41 389 „
31 351 33 353 '
29 278 45 332 32⁴1*
29 189 48 259 ¹4⁷3&ss
46 154 55 166 ι,
38 134 50 139 'x
46 104 50 115 -
42 45 60 87 γ)-Ῡ

886 308 962 348 141

121 418 375 473 imperante
418 417 709 459 Domitiano:
753 421 850 458 tum
893 417 1015 458 enim
1059 416 1219 471 stupOr
1260 415 1448 470 quidam
1489 420 1534 456 et
1566 419 1725 470 torpor

122 498 326 540 omnium
370 498 534 539 invasit
576 497 766 546 animos,
810 497 937 551 isque
981 496 1042 551 (id
1085 497 1209 550 quod
1243 496 1300 538 ad
1336 501 1541 537 nostrum
1574 495 1725 537 locum

57 581 68 595 ⁸
120 578 436 622 illustrandum
485 577 615 619 unice
659 591 813 618 veram
855 577 986 618 affert
1028 576 1192 632 lucem)
1234 576 1366 618 simul
1412 577 1724 618 Romanorum

121 664 298 701 mentes
339 658 456 700 adeo
499 657 735 699 hebetavit
777 662 827 698 ut
859 658 968 711 quid
1002 656 1247 699 honestum
1279 663 1411 707 esset,
1446 657 1555 711 quid
1589 663 1723 712 turpe

119 744 167 781 et
208 730 560 794 ignominiosum
604 743 682 779 aut
724 737 950 778 nescirent
992 742 1071 778 aut
1111 751 1202 779 non
1235 738 1457 779 sentirent
1489 743 1535 778 et
1568 751 1724 780 curare

119 817 416 874 negligerent.
461 818 647 859 Etenim
689 822 786 858 turn
835 822 1041 870 „nostrae
1084 817 1126 871 (i.
1162 831 1200 858 e.
1233 818 1510 873 senatorum)
1552 819 1722 860 duxere

121 898 384 940 Helvidium
413 898 458 939 in
487 911 714 939 carcerem
734 911 906 947 manUS‚
925 911 1008 938 nos
1027 897 1216 939 Maurici
1235 898 1502 953 Rusticique
1520 899 1640 941 visus
1659 898 1721 955 (?)‚

119 991 203 1020 nos
244 977 476 1020 innocenti
519 978 738 1032 sanguine
782 977 974 1020 Senecio
1017 975 1354 1038 perfudit†’‚'ut
1388 979 1483 1034 ipse
1519 979 1721 1021 declarat

118 1059 305 1100 Tacitus
337 1058 464 1114 (Agr.
497 1059 586 1113 45),
616 1072 733 1112 quae
761 1058 901 1099 verba
929 1058 1077 1112 quam‘
1095 1059 1361 1100 contineant
1389 1059 1720 1102 confessionem

118 1139 165 1181 et
211 1139 422 1194 proximo
464 1153 584 1181 anno
628 1139 809 1193 egregie
852 1139 1116 1180 Boissierius
1161 1140 1387 1194 exposuit,
1432 1145 1477 1181 et
1519 1140 1722 1182 eiusdem

117 1219 247 1261 diarii
275 1233 332 1261 eo
359 1219 587 1273 fasciculo,
617 1233 752 1273 quem
782 1219 920 1260 modo
948 1219 1206 1269 laudabam,
1230 1220 1264 1260 si
1283 1219 1379 1260 fieri
1398 1225 1565 1274 potest,
1584 1222 1723 1262 etiam

116 1300 401 1344 luculentius.
446 1301 569 1355 Ergo
612 1300 806 1342 crudelis
848 1300 923 1341 illa
967 1301 1217 1342 Domitiani
1255 1302 1462 1355 tyrannis
1495 1301 1722 1357 plerisque

116 1381 290 1423 ademit
317 1395 408 1423 non
437 1381 725 1436 prudentiam
754 1386 933 1422 tantum
961 1380 1141 1422 civilem
1170 1387 1215 1422 et
1243 1381 1491 1441 politicam,
1509 1383 1566 1423 ad
1586 1397 1722 1436 quam

115 1475 297 1517 semper
340 1462 471 1517 pauci
515 1467 693 1503 tantum
737 1462 974 1515 pervenire
1016 1461 1176 1510 solent,
1221 1462 1301 1502 sed
1336 1463 1473 1503 etiam
1507 1463 1722 1504 virtutem

116 1549 162 1585 et
205 1544 477 1598 dignitatem
522 1542 716 1592 civilem,
751 1542 876 1583 cuius
909 1542 980 1583 vel
1014 1542 1058 1583 in
1091 1542 1234 1583 libera
1266 1542 1500 1597 republica
1534 1543 1605 1585 vel
1637 1544 1722 1586 sub

117 1625 304 1667 domino
347 1625 562 1679 aequiore
606 1630 652 1665 et
695 1624 866 1664 leniore
907 1623 1157 1664 admodum
1191 1624 1324 1678 pauci
1356 1629 1460 1664 sunt
1494 1630 1720 1678 expertes.

118 1705 217 1748 Hos
248 1720 407 1748 omnes
441 1719 559 1747 nunc
593 1705 781 1746 meliora
814 1690 1028 1746 edocebit
1057 1704 1244 1745 Tacitus
1256 1722 1265 1754 ;
1296 1704 1548 1746 Domitiani
1577 1705 1722 1759 qualis

115 1792 235 1828 esset
282 1786 535 1828 dominatio
581 1785 795 1840 aequales
842 1790 965 1826 recte
1015 1785 1271 1839 perspicere
1314 1790 1360 1825 et
1402 1786 1568 1826 sentire
1615 1800 1722 1840 prae

115 1872 301 1922 torpore
345 1881 435 1908 non
479 1871 749 1921 potuerunt;
795 1865 882 1907 hoc
926 1865 1371 1917 damnum‚Tacitus
1405 1868 1723 1921 compensabit

114 1953 324 1989 accurate
356 1947 526 1988 Tiberii
559 1946 760 1988 facinora
793 1946 1060 1987 enarrando.
1095 1945 1266 1986 Tiberii
1301 1959 1408 2000 ergo
1437 1952 1618 2001 tempus
1646 1947 1723 1989 illo

115 2033 339 2085 narrante·
359 2027 549 2069 alterum
585 2026 836 2068 Domitiani
869 2031 1051 2080 tempus
1085 2025 1177 2075 fiet,
1212 2025 1383 2067 Tiberii
1418 2026 1537 2068 facta
1566 2028 1722 2068 Domi-

114 2108 225 2150 tiani
272 2109 561 2150 atrocitatem
610 2107 907 2162 explicabunt
954 2106 1350 2161 illustrabuntque.
1401 2107 1462 2148 Et
1509 2109 1723 2150 miremur

115 2189 267 2239 etiam,
296 2189 373 2244 qui
400 2189 485 2230 hac
512 2194 665 2230 aetate
693 2188 904 2229 Tacitum
932 2193 1143 2228 accurate
1170 2187 1344 2241 legerit,
1374 2188 1414 2228 ei
1437 2193 1531 2229 tam
1554 2189 1723 2230 similes

114 2269 232 2311 inter
262 2283 310 2311 se
343 2270 658 2311 Domitianum
692 2275 737 2310 et
770 2269 1005 2310 Tiberium
1037 2267 1210 2310 videri?

174 2350 336 2401 Taciti,
371 2351 428 2392 de
461 2350 811 2405 imperatoribus
845 2363 868 2390 e
902 2349 1115 2403 gentibus
1150 2347 1262 2389 Iulia
1295 2348 1574 2403 Claudiaque
1609 2350 1722 2391 iudi-

115 2430 234 2472 cium
273 2430 458 2472 ferentis
491 2444 607 2485 quae
639 2431 696 2471 sit
734 2429 872 2483 „fides
905 2428 1164 2478 historica’',
1199 2429 1371 2470 dudum
1404 2429 1533 2470 multi
1567 2430 1720 2485 dispu-

113 2515 267 2552 tarunt
309 2516 355 2552 et
396 2511 511 2553 acris
553 2510 635 2551 fuit
678 2511 736 2551 de
772 2510 856 2551 hac
891 2523 938 2550 re
972 2510 1087 2550 inter
1121 2509 1240 2550 viros
1273 2510 1435 2550 doctos
1468 2513 1717 2554 contentio.

115 2591 166 2632 In
194 2605 249 2632 eo
277 2597 430 2632 autem
457 2597 603 2633 totam
633 2591 880 2631 consistere
909 2603 1091 2631 causam
1119 2595 1168 2630 ut
1191 2596 1432 2644 quaeratur
1456 2591 1513 2632 de
1542 2592 1717 2634 Tiberio

113 2676 263 2712 utrum
291 2685 462 2725 aequus
490 2685 546 2712 an
576 2671 767 2725 cupidus
794 2671 933 2711 iudex
963 2669 1096 2710 fuerit
1123 2670 1322 2720 Tacitus,
1352 2685 1532 2726 semper
1559 2686 1718 2715 omnes

113 2751 434 2793 intellexerunt
477 2758 522 2793 et
562 2751 819 2806 nuperrime
853 2751 1032 2791 disertis
1066 2750 1215 2791 verbis
1248 2753 1560 2804 pronuntiavit
1593 2753 1718 2795 Bois-

112 2833 282 2874 sierius.
326 2833 469 2874 Recte
507 2846 615 2886 ergo
649 2832 900 2873 Karstenus
934 2836 1123 2880 nostras,
1159 2844 1261 2872 cum
1295 2831 1339 2872 in
1373 2832 1489 2874 hanc
1523 2848 1618 2875 rem
1652 2835 1717 2876 in·

113 2912 325 2966 quireret,
369 2927 422 2954 ea
465 2912 731 2967 praesertim
774 2911 958 2965 collegit
1000 2925 1117 2964 quae
1161 2911 1217 2952 de
1261 2911 1446 2954 Tiberio
1489 2927 1515 2955 a
1552 2914 1715 2956 Tacito

113 3007 271 3048 parum
305 3007 411 3035 vere
438 2999 618 3035 narrata
645 2994 921 3034 viderentur.
951 2991 1087 3033 Cuius
1114 2991 1292 3033 libellus
1320 2993 1423 3048 („de
1451 2994 1541 3036 fide
1568 2995 1716 3037 Taciti
