2040 3412
1094 285 1180 326 226

401 401 474 444 Sic
493 408 561 444 est
579 403 623 444 in
643 404 823 454 codice;
844 418 926 458 pro
943 405 1084 460 ipsius
1100 410 1254 446 autem
1271 404 1378 446 satis
1395 404 1642 446 audacibus
1659 392 1877 449 coniectu
1916 463 1924 466 Η

342 481 616 524 Puteolanus
647 484 923 539 reipublicae,
953 484 1159 527 Sirkerus
1185 485 1471 540 imperatoris
1497 490 1809 540 reposuerunt.
1838 483 1871 529 S

343 562 453 603 nihil
487 564 717 618 pravitati
757 564 896 619 ipsius
938 564 1189 619 elegantius
1221 565 1481 620 opponitur,
1515 578 1652 619 quam
1685 564 1808 606 nuda
1839 578 1966 620 ‘'V'}

330 643 547 696 fortuna;
570 649 692 684 recte
710 657 818 698 ergo
836 644 1055 686 Ernestus
1071 646 1136 687 ad
1138 647 1381 700 fortunam
1399 644 1626 700 referebat
1641 633 1964 708 scribendis&

339 735 437 762 esse
479 723 650 772 statuit,
694 723 1053 779 magistelloque,
1099 725 1175 779 qui
1220 725 1264 766 in
1310 723 1512 780 margine
1544 724 1768 780 appinxit,
1799 737 1884 769 suu
1911 706 1961 730 ³⁷

339 802 424 844 sibi
456 803 595 858 ipsius
627 804 925 846 reddendum.
1839 838 1842 839 ν

398 883 457 925 Α.
507 883 635 934 XIV,
687 893 755 938 54.
803 884 999 941 Cognito
1047 886 1131 927 sibi
1179 900 1206 927 a
1253 885 1530 927 delatoribus
1565 885 1760 928 *insidias
1805 897 1830 928 s
1872 891 1875 893 “

341 962 516 1005 Seneca
562 948 839 1018 colloquium
886 978 912 1006 a
962 965 1144 1007 Nerone
1184 953 1307 1020 ⁶petit
1354 966 1683 1020 impetratque,
1730 965 1777 1007 in
1823 977 1856 1020 q

340 1057 504 1097 gnarus
537 1057 562 1084 e
594 1044 683 1085 suis
717 1044 899 1094 divitiis,
934 1045 1154 1099 potentia,
1189 1044 1477 1099 eloquentiae
1504 1044 1636 1096 fama,
1664 1042 1880 1104 praeses

341 1123 590 1178 periculum
623 1123 708 1164 sibi
742 1124 865 1166 nasci
899 1130 944 1166 et
976 1124 1064 1166 alia
1097 1125 1208 1166 dicit
1241 1130 1287 1166 et
1320 1124 1458 1167 haece

406 1216 533 1255 „cum
576 1216 687 1257 opes
731 1217 854 1245 meas
898 1203 1014 1245 ultra
1055 1204 1276 1246 sustinere
1318 1218 1409 1246 non
1443 1205 1626 1260 possim,
1659 1203 1875 1260 praesid·

342 1287 473 1336 peto:
501 1283 653 1324 iuvere
679 1289 994 1337 procuratores
1018 1289 1121 1326 tuos
1145 1284 1462 1335 administrari,
1487 1285 1533 1327 in
1557 1272 1684 1327 t'uam
1707 1284 1873 1328 fortun·

343 1361 527 1417 recipi.”

403 1441 477 1484 Sic
519 1441 564 1483 in
608 1442 766 1484 codice
809 1456 836 1484 a
878 1443 1022 1498 prima
1065 1457 1199 1485 manu
1239 1450 1321 1494 est,
1360 1444 1502 1487 altera
1532 1444 1630 1487 iube
1659 1445 1873 1489 correxit,

334 1531 422 1578 per
458 1523 649 1573 addidit,
687 1524 808 1565 unde
835 1538 954 1566 nunc
982 1523 1248 1579 plerumque
1276 1525 1372 1567 iube
1400 1539 1493 1567 rem
1509 1538 1596 1579 per
1612 1532 1839 1581 procurat
1855 1531 1858 1534 ⁴

343 1611 439 1645 tuos
479 1602 799 1645 administrari
839 1603 1001 1645 editur.
1052 1603 1316 1658 Elegantius
1358 1604 1420 1646 illi
1465 1605 1542 1659 qui
1574 1605 1694 1653 istud
1726 1604 1870 1662 rem'(

343 1697 526 1737 quoque
559 1683 807 1733 eliminant,
836 1684 973 1738 quod,
1002 1685 1208 1738 proxime
1235 1685 1539 1739 praecedente
1565 1693 1676 1740 opes,
1704 1672 1853 1740 plane'

342 1777 696 1817 supervacuum;
729 1768 879 1804 utrum
911 1764 1007 1805 iube
1029 1772 1116 1819 per
1139 1772 1461 1819 procuratores
1491 1773 1587 1807 tuos
1616 1765 1870 1808 administr

343 1847 400 1884 an
448 1843 544 1885 iube
579 1850 901 1898 procuratores
945 1851 1042 1885 tuos
1087 1844 1411 1886 administrare
1455 1844 1690 1900 (Ritterus)
1713 1844 1869 1900 ‘legam

343 1936 503 1977 pamm
545 1922 694 1972 refert,
736 1923 817 1964 sed
861 1922 969 1964 illud
1012 1929 1199 1978 propter
1240 1937 1435 1978 sequens
1466 1924 1606 1980 recipi
1634 1923 1865 1967 verisimil'

343 2007 448 2044 nam
464 2010 552 2058 per
573 2008 678 2044 ante
687 2010 1008 2058 procuratores
1025 2003 1155 2044 facile
1173 2004 1384 2045 excidere
1401 2003 1564 2058 potuit.
1584 2003 1679 2046 Iam
1697 2003 1816 2046 habe
1829 2023 1865 2039 εν

349 2097 476 2136 „cum
504 2096 615 2137 opes
644 2096 767 2124 meas
795 2082 911 2124 ultra
938 2083 1157 2124 sustinere
1185 2097 1276 2124 non
1305 2083 1486 2138 possim,
1507 2083 1782 2138 praesidium
1811 2102 1822 2119 ι
1841 2101 1879 2117 Αε

348 2162 477 2215 „iube
495 2176 576 2216 per
593 2168 906 2218 procuratores
923 2168 1026 2204 tuos
1043 2162 1389 2204 administrari.’'
1415 2163 1658 2205 Poteratne
1675 2176 1747 2205 res
1762 2149 1874 2206 mai·
1940 2173 1947 2183 ς

340 2242 597 2283 urbanitate
639 2241 909 2296 significari?
957 2242 1082 2298 Opes
1113 2256 1214 2284 suas
1247 2242 1421 2286 Seneca
1453 2243 1594 2284 tradit
1625 2242 1820 2294 Caesari,
1852 2246 1868 2252 ”’

340 2336 431 2364 non
475 2323 614 2364 utitur
645 2324 795 2372 dandi,
830 2323 902 2364 vel
935 2324 1131 2365 donandi
1162 2324 1325 2373 verbis,
1359 2337 1475 2377 quae
1508 2329 1742 2378 tamquam
1773 2336 1866 2372 (τοἸ

339 2387 494 2445 melias
525 2405 731 2458 accipere
761 2404 884 2445 Nero
911 2410 1106 2459 poterat.
1140 2404 1201 2445 Et
1228 2410 1394 2454 tamen,
1423 2404 1458 2445 si
1486 2418 1591 2446 suos
1617 2408 1860 2462 procurato
1884 2448 1943 2477 t

339 2497 414 2524 eas
457 2483 789 2525 administrare
816 2484 965 2533 iubet,
1020 2483 1082 2525 nil
1123 2484 1244 2525 aliud
1288 2497 1423 2538 quam
1468 2484 1590 2526 dono
1633 2497 1710 2526 eas
1749 2483 1942 2546 acci&
1996 2525 1999 2526 γ

338 2563 461 2617 Ergo
495 2577 597 2605 cum
629 2563 846 2617 loquendi
879 2563 1137 2604 urbanitate
1170 2577 1392 2604 summam
1425 2564 1570 2618 iungit
1603 2562 1778 2606 Seneca
1807 2576 1864 2606 a
1855 2565 1870 2569 ”

338 2642 544 2684 bitatem.
594 2641 684 2684 Sed
728 2643 845 2696 perit
887 2656 1022 2684 omne
1065 2643 1280 2684 orationis
1322 2642 1573 2692 artificium,
1617 2643 1653 2684 si
1696 2647 1877 2698 praet-«g

340 2722 511 2775 aliquid
556 2723 739 2763 additur
780 2722 924 2763 simile
958 2723 1052 2763 istis
1083 2736 1128 2763 zn
1162 2731 1284 2764 tuam
1306 2708 1550 2777 fortunam
1583 2722 1797 2778 recipi‚q
1765 2735 1798 2777 q
1830 2720 1878 2733 ””

340 2802 448 2843 olim
492 2802 768 2856 magistellus
809 2802 1053 2843 lectionem
1084 2802 1181 2844 zube
1203 2810 1292 2857 per
1312 2809 1633 2856 procuratores
1663 2807 1806 2845 tuos
1825 2823 1837 2836 s
1870 2850 1874 2853 r

341 2881 536 2922 nistrarz'
573 2882 825 2923 illustravit.
874 2882 950 2922 An
993 2895 1256 2923 censeamus
1296 2882 1353 2923 de
1374 2863 1611 2922 ⁴industria
1649 2880 1761 2923 haec
1798 2879 1876 2925 sim

339 2960 500 3002 Tacito
533 2962 681 3015 posita
713 2975 824 3012 esse,
857 2968 907 3003 ut
938 2963 1157 3003 sermonis
1187 2962 1460 3011 ubertatem,
1493 2974 1584 3015 quo
1615 2961 1662 3003 in
1687 2960 1874 3004 scribe
