2040 3412
909 308 986 353 195

152 425 204 468 19
228 415 273 455 in
299 415 557 456 narratione
584 416 640 457 de
667 416 1049 459 tumultuantibus
1077 418 1348 459 Pannonicis
1366 418 1621 472 legionibus
1639 419 1751 461 haec

145 491 360 549 legimus:

211 573 566 631 „Acclamavere
591 575 804 630 (milites),
831 582 881 617 ut
907 576 1022 618 filius
1049 577 1193 619 Blaesi
1221 578 1428 620 tribunus
1453 578 1681 634 legatione
1699 593 1752 621 ea

145 652 420 709 fungeretur,
450 660 720 710 peteretque
747 656 964 698 militibus
994 658 1252 699 missionem
1285 659 1343 700 ab
1361 660 1559 701 sedecim
1579 659 1751 701 annis.”

208 734 268 776 Et
295 736 445 790 capite
475 736 544 789 36,
573 735 649 787 ubi
678 736 826 790 agitur
853 737 910 778 de
930 738 1215 779 discordibus
1233 738 1491 780 Germanici
1511 740 1751 781 militibus:

210 813 471 868 „Placitum,
504 821 554 857 ut
587 799 809 871 epistolae
842 818 1026 858 nomine
1061 819 1277 872 principis
1304 819 1620 870 scriberentur,
1651 821 1752 861 mis-

144 895 318 937 sionem
338 897 434 938 dari
453 897 612 938 vicena
629 898 857 952 stipendia
876 899 1070 949 meritis;
1090 901 1392 959 exauctorari,
1413 901 1489 954 qui
1508 914 1616 942 sena
1634 901 1753 943 dena

145 976 399 1019 fecissent.”
710 963 716 967 ’
1056 1035 1062 1039 ⁴

204 1056 319 1100 Cum
361 1062 629 1113 contemptu
663 1072 771 1113 ergo
804 1059 1042 1100 abiicimus
1075 1073 1191 1114 quae
1227 1066 1383 1102 nostro
1416 1061 1567 1115 capite
1600 1061 1750 1103 verbis

144 1138 260 1180 male
275 1139 472 1188 consulta
489 1145 816 1181 annectuntur:
841 1140 1030 1194 „quibus
1047 1141 1247 1182 sedecim
1265 1142 1597 1196 stipendiorum
1615 1142 1752 1184 finem

146 1219 509 1274 expresserant.”
558 1219 671 1274 Quis
712 1221 833 1261 enim
878 1235 970 1262 non
1013 1222 1151 1262 sentit
1184 1221 1508 1264 absurdissimo
1542 1237 1751 1264 sermone

143 1299 326 1342 sedecim
357 1300 677 1356 stipendiorum
701 1301 840 1357 finem
874 1302 1148 1356 expressisse
1184 1302 1349 1343 milites
1382 1303 1484 1352 dici,
1519 1305 1595 1357 qui
1630 1304 1753 1358 flagi-

143 1384 354 1422 taverant
395 1386 442 1422 et
484 1381 544 1436 (id
589 1382 712 1435 quod
758 1395 876 1438 nunc
910 1382 1095 1423 demum
1128 1383 1361 1438 docemur)
1395 1384 1753 1438 impetraverant

134 1461 307 1511 etiam,
351 1467 401 1503 ut
441 1467 546 1516 post
588 1462 787 1503 sedecim
831 1463 1060 1517 stipendia
1104 1462 1296 1504 honesta
1339 1464 1523 1505 daretur
1566 1464 1752 1506 militiae

144 1539 326 1583 missio?
369 1540 482 1596 Quis
524 1555 615 1583 non
659 1542 872 1597 intelligit
915 1543 1032 1585 male
1072 1543 1269 1585 consulta
1314 1544 1480 1585 ducum
1514 1558 1624 1595 esse,
1660 1558 1751 1586 non

145 1621 366 1665 militum?

204 1702 262 1745 A.
293 1703 349 1753 ΙΙ,
386 1714 449 1745 12.
480 1704 685 1745 Instante
714 1704 887 1759 proelio
917 1704 1213 1746 Germanicus
1231 1705 1538 1760 explorandos
1557 1706 1751 1748 militum

105 1784 320 1826 ‘animos
351 1789 488 1834 ratus,
526 1798 674 1839 neque
702 1784 895 1826 tribunis
923 1785 1369 1839 centurionibusque,
1400 1800 1548 1840 neque
1576 1786 1750 1828 libertis

142 1864 390 1918 amicisque
419 1864 558 1905 fidem
586 1878 632 1906 se
662 1864 831 1906 habere
861 1878 993 1919 posse
1022 1865 1247 1920 intelligit,
1277 1871 1438 1921 utpote
1466 1867 1542 1921 qui
1561 1867 1751 1909 laetiora

143 1958 280 2000 quam
314 1945 490 1986 veriora
523 1944 688 1986 referre
716 1945 906 1994 soleant,
936 1946 980 1986 in
1011 1946 1226 1987 contione
1255 1960 1362 1987 vero
1391 1947 1529 1988 etiam
1558 1948 1752 2002 ignavis-

142 2024 281 2066 simos
314 2026 547 2080 pugnandi
579 2039 780 2067 amorem
815 2025 1039 2068 simulare.
1084 2025 1204 2080 Quid
1239 2041 1346 2081 ergo
1380 2027 1514 2068 facit?
1557 2028 1750 2083 Vesperi

143 2105 310 2147 assistit
351 2105 656 2147 tabernaculis
689 2120 828 2160 seque
861 2121 887 2148 a
921 2106 1138 2148 militibus
1172 2108 1380 2149 certatim
1414 2108 1586 2150 laudari
1621 2123 1752 2163 proe-

141 2185 343 2240 liumque
360 2186 440 2227 tali
459 2187 574 2228 duce
592 2187 747 2241 expeti
764 2187 905 2237 audit.
919 2186 1048 2228 Illam
1066 2193 1220 2228 autem
1239 2187 1507 2242 explorandi
1527 2190 1751 2230 rationem

143 2265 357 2321 elegerat,
390 2267 497 2321 quia
529 2281 792 2322 persuasum
826 2267 912 2308 sibi
945 2267 1169 2308 habebat:

209 2347 415 2401 „penitus
448 2348 702 2389 noscendas
730 2353 907 2389 mentes
936 2362 1039 2389 cum
1068 2349 1229 2389 secreti
1258 2353 1304 2389 et
1331 2348 1595 2390 incustoditi
1622 2363 1751 2404 spem

142 2432 221 2468 aut
254 2414 425 2468 metum
458 2427 756 2482 proferrent.”

204 2506 401 2561 Quando
419 2514 571 2549 autem
591 2509 635 2550 id
654 2507 821 2549 fiebat?
851 2509 1030 2562 Nempe
1049 2508 1166 2549 inter
1183 2522 1373 2550 coenam
1394 2515 1439 2550 et
1457 2509 1634 2564 pocula.
1659 2511 1751 2552 Res

143 2586 242 2642 ipsa
269 2586 434 2629 clamat
454 2578 508 2629 'et
535 2602 729 2642 sequens
748 2589 946 2630 narratio
965 2587 1083 2629 clare
1102 2589 1399 2630 demonstrat.
1436 2590 1624 2631 Minime
1643 2604 1751 2645 ergo

144 2679 259 2722 opus
285 2667 464 2709 disertis
491 2669 537 2710 id
567 2668 638 2710 hic
655 2668 907 2722 significare
927 2668 1095 2717 verbi53
1120 2668 1171 2708 iis
1189 2682 1297 2709 vero
1317 2669 1466 2710 verbis
1483 2670 1749 2724 significare,

145 2760 262 2801 quae
295 2761 413 2788 nunc
446 2754 551 2802 post
583 2749 837 2790 incustoditi
868 2749 909 2788 in
939 2753 1069 2788 textu
1098 2747 1329 2801 leguntur:
1365 2750 1508 2802 „inter
1534 2750 1751 2792 militares

145 2827 301 2869 cibos”
328 2828 700 2870 absurdissimum
730 2834 810 2870 est.
841 2829 901 2869 Et
930 2828 1055 2869 locus
1083 2834 1128 2868 et
1155 2841 1304 2869 sermo
1333 2836 1528 2884 arguunt
1545 2830 1751 2872 sciolum.

146 2907 360 2962 Suspicor
387 2914 540 2950 autem
569 2909 789 2951 militares
817 2909 924 2949 olim
953 2909 1010 2949 ad
1039 2916 1212 2958 mentes,
1242 2909 1359 2951 inter
1386 2911 1499 2952 cibos
1516 2912 1573 2952 ad
1592 2911 1751 2952 ultima

147 2968 401 3029 sententiae
435 2989 657 3030 vocabula
690 2989 822 3030 fuisse
856 2989 1149 3042 adscriptum.
