2040 3412
821 123 841 145 Ι

818 249 901 293 223

13 354 215 410 „gferret‚
266 356 371 397 dein
421 357 626 410 puniret,
672 364 904 409 metuens,
948 373 1083 414 agere
1126 366 1183 402 et-
1216 361 1413 403 celerare
1457 363 1660 405 statuit.”

119 434 184 477 Ut
226 434 389 477 horum
431 436 759 479 vocabulorum
804 439 955 493 aliqua
991 446 1146 482 tamen
1181 448 1360 484 constet
1394 443 1522 493 ratio,
1558 450 1662 499 post

13 515 310 570 Agrippina
359 517 591 558 distinctio
640 520 854 573 ponenda
901 526 969 561 est
1018 522 1174 571 maior,
1223 523 1286 564 ita
1333 528 1382 564 ut
1428 532 1540 574 erat,
1587 524 1658 566 vel

0 580 15 659 ἒ
54 595 322 637 versabatur
356 602 509 638 mente
542 598 600 638 sit
632 599 952 653 supplendum.
987 601 1078 643 Sed
1112 603 1176 643 sic
1209 608 1433 645 structura
1461 606 1658 647 nascitur

0 662 25 730 {-
55 688 228 731 parum,
262 675 427 726 hercle,
462 683 653 719 venusta
685 685 731 719 et
764 679 926 721 Tacito
961 695 1142 735 prorsus
1175 683 1376 737 indigna.
1411 685 1476 726 At
1510 686 1658 727 eiecto

0 729 17 838 {f
52 756 99 798 in
131 757 284 799 omnia
317 756 431 798 fiunt
463 757 810 812 elegantissima,
845 761 940 802 sive
959 763 1202 817 praecz'pzco
1221 771 1394 818 pavore
1420 771 1655 820 tamquam
1682 799 1685 802 .

0 839 13 895 ξ
52 835 251 892 aliquem
299 837 573 890 „ablativum
617 840 906 882 absolutum”
951 843 1200 897 accipimus
1245 844 1315 899 (ὲ
1358 845 1485 900 Agr„
1530 848 1655 889 cuius

0 895 10 971 ξ
52 917 322 972 praecipuus
356 924 453 960 erat
486 920 659 974 pavor),
692 921 786 962 sive
820 935 923 964 cum
953 931 1150 977 *metuens
1182 925 1422 979 iungimus.

0 980 12 988 r
110 995 171 1038 A.
215 997 320 1047 XII,
362 998 434 1051 65.
478 998 737 1054 Agrippina
769 1015 892 1056 ergo,
928 1009 1184 1045 extremum
1217 1006 1302 1046 sibi
1337 1006 1505 1047 instare
1539 1008 1655 1061 peri·

0 1069 7 1089 *
50 1073 201 1132 culufn
234 1077 397 1132 gnarai

0 1135 6 1154 ’Τ
115 1156 375 1214 „Amplecti
419 1159 742 1211 Britannicum,
788 1162 924 1203 robur
967 1164 1139 1204 aetatis
1167 1179 1302 1218 quam
1339 1167 1653 1209 maturrimum

3 1276 5 1279 .
50 1237 250 1291 precari,
299 1224 437 1280 modo
485 1240 542 1281 ad
593 1241 703 1282 deos
752 1243 890 1283 modo
938 1245 1192 1298 adipsum
1241 1247 1431 1288 tendere
1480 1261 1652 1299 manus,

0 1347 3 1362 2
48 1317 344 1368 adolesceret,
379 1321 519 1374 patris
552 1321 759 1363 inimicos
794 1323 1057 1377 depelleret,
1095 1327 1250 1367 matris
1278 1327 1415 1368 etiam
1445 1328 1652 1370 interfec-

48 1402 170 1438 tores
202 1397 535 1441 ulcisceretur.”

109 1477 231 1519 Num
280 1479 531 1534 quidquam
581 1488 648 1522 est
697 1482 935 1524 absurdius
982 1498 1120 1538 quam
1168 1499 1359 1539 puerum
1406 1487 1652 1530 adhortari

31 1563 96 1598 ‘ut
128 1571 265 1612 quam
298 1559 494 1614 primum
527 1561 788 1604 adolescat?
824 1564 943 1613 Non,
979 1571 1027 1605 ut
1065 1566 1241 1619 opinor,
1277 1566 1315 1606 ἐν
1346 1567 1499 1619 εὐχαῖς
1527 1571 1647 1610 τοῦτο

45 1633 149 1679 εἷνκι
177 1638 223 1679 τὸ
252 1641 438 1690 πρᾶγμα
467 1641 632 1683 callida
660 1643 819 1683 mulier
848 1636 1100 1703 ignorabat,
1121 1634 1308 1699 quod-et
1327 1649 1649 1701 praecedentia

45 1718 183 1765 robur
224 1721 385 1762 aetatis
427 1735 559 1775 quam
598 1724 922 1765 maturrimum
949 1726 1138 1778 precari
1169 1731 1406 1768 testantur.
1458 1728 1648 1770 Etiamsi

43 1798 89 1839 in
146 1799 225 1841 tali
273 1814 321 1842 re
370 1802 622 1856 quidquam
673 1804 903 1844 monendo
952 1810 997 1844 et
1046 1805 1279 1847 incitando
1329 1807 1647 1861 proficeretur,

43 1883 198 1921 tamen
231 1885 326 1922 tam
359 1895 501 1935 parvo
534 1883 683 1936 spatio
718 1883 786 1923 bis
819 1884 1014 1925 eandem
1043 1898 1138 1925 rem
1167 1886 1420 1939 significare
1449 1888 1647 1943 eleganti

43 1959 266 2014 scriptore
298 1961 534 2015 indignum
568 1962 698 2003 foret.
739 1963 956 2005 Facessat
989 1978 1097 2018 ergo
1130 1966 1394 2010 adolesceret
1425 1982 1493 2018 eo,
1528 1970 1648 2011 unde

44 2039 161 2081 male
194 2041 361 2094 pedem
394 2041 560 2083 intulit.

102 2120 161 2161 A.
191 2117 319 2171 XIII,
351 2134 420 2175 34.
449 2122 595 2164 Causa
623 2124 774 2165 denuo
802 2125 920 2166 inter
945 2125 1178 2167 Romanos
1197 2127 1478 2183 Parthosque
1497 2132 1643 2172 exorti

42 2199 147 2242 belli
190 2201 302 2242 haec
347 2208 457 2252 erat,
502 2204 626 2257 quod
659 2205 756 2258 ipse
790 2205 1074 2260 Vologaeses
1107 2207 1197 2247 suis
1230 2210 1373 2262 copiis
1406 2210 1642 2253 Tiridaten

39 2281 84 2322 in
119 2281 366 2324 Armeniae
400 2297 590 2337 regnum
623 2272 850 2326 deducere
884 2287 1099 2340 cupiebat
1133 2293 1179 2328 et
1213 2290 1362 2342 quod:

105 2361 338 2415 „Armenii
366 2363 580 2418 ambigua
604 2364 694 2406 fide
719 2371 910 2419 utraque
938 2380 1064 2408 arma
1087 2368 1364 2419 invitabant,
1391 2371 1479 2412 situ
1505 2377 1643 2414 terra-

39 2455 151 2491 rum,
181 2442 477 2484 similitudine
508 2458 685 2486 morum
715 2446 891 2507 Parthis
921 2447 1157 2500 propiores
1186 2450 1515 2504 connubiisque
1545 2433 1645 2506 per-

39 2522 170 2563 mixti
197 2537 251 2564 ae
275 2523 486 2566 libertate
514 2526 671 2580 ignota
698 2526 816 2568 illud
833 2527 976 2580 magis
998 2528 1056 2568 ad
1076 2528 1309 2570 servitium
1328 2530 1642 2574 inclinantes.’'

100 2601 175 2644 Sic
217 2603 422 2658 Lipsius,
468 2620 604 2659 quem
649 2606 853 2661 plerique
897 2613 1147 2661 sequuntur
1191 2610 1401 2660 editores,
1448 2626 1553 2654 nam
1596 2613 1641 2654 in

39 2682 198 2724 codice
226 2689 294 2724 est
322 2684 440 2726 illuc.
475 2684 567 2727 Sed
595 2686 713 2728 z'llud
735 2687 799 2728 ad
822 2688 1055 2729 servitium
1074 2701 1222 2742 neque
1240 2690 1474 2744 eleganter
1492 2706 1641 2747 neque

1 2763 275 2822 vperspicue
323 2777 486 2818 neque,
536 2767 660 2820 quod
709 2767 1026 2821 gravissimum
1075 2774 1156 2817 est,
1206 2776 1416 2812 accurate
1465 2773 1638 2815 dictum

11 2842 229 2883 -videtur.
274 2843 379 2885 Non
423 2852 613 2899 possunt
656 2847 776 2887 enim
820 2847 906 2887 hoc
949 2846 1051 2888 loco
1095 2848 1186 2890 duo
1230 2850 1347 2891 inter
1383 2865 1432 2892 se
1464 2855 1638 2907 opponi

0 2910 232 2972 {servitia
276 2925 399 2977 quod
443 2930 597 2967 tamen
642 2926 782 2976 fieret,
818 2927 862 2967 -si
907 2926 1115 2968 Armenii
1158 2929 1216 2970 ad
1259 2939 1426 2973 certum
1457 2933 1642 2988 aliquod
