2040 3412
904 291 961 335 71

140 394 382 437 Messalina
429 395 693 438 facultatem
741 397 955 441 hebetem
1000 390 1176 456 sibique
1219 403 1483 446 devinctum
1527 407 1738 450 maritum

134 488 407 530 quocunque
440 476 627 518 tandem
661 478 800 519 modo
833 479 1109 534 alloquendi.

192 553 251 596 A.
297 555 401 605 XII,
446 566 516 597 22.
566 555 850 611 „Agrippina
896 591 939 600 ..
964 591 973 600 .
1020 560 1194 603 Lolliae
1232 563 1405 605 infensa
1439 597 1448 605 .
1477 597 1485 605 .
1511 597 1520 606 .
1556 566 1739 608 molitur

130 636 319 678 erimina
352 642 399 678 et
430 643 743 679 accusatorem
771 671 780 679 .
802 671 811 679 .
831 671 840 680 .
870 640 991 681 exim
1021 641 1234 683 Claudius
1261 644 1466 686 inaudita
1493 660 1568 687 rea
1597 648 1739 689 multa

129 717 187 758 de
230 716 498 759 claritudine
537 704 631 759 eius
663 719 784 773 apud
819 726 1027 761 senatum
1061 722 1290 776 praefatus
1324 756 1333 764 .
1355 756 1364 765 .
1385 757 1394 765 .
1428 726 1606 768 addidit
1638 741 1736 782 per·

130 797 300 839 niciosa
342 798 387 839 in
431 798 760 853 rempublicam
804 800 992 842 consilia
1032 807 1078 842 et
1122 804 1358 845 materiem
1397 805 1554 846 sceleri
1590 807 1738 849 detra·

27 863 61 913 Ῑ-·.
131 877 353 919 hendam:
387 878 518 932 proin
552 878 794 933 publicatis
826 880 958 922 bonis
991 882 1174 923 cederet
1208 883 1381 925 Italia'’.

193 957 281 999 Hic
324 958 434 1012 quid
471 959 529 1000 sit
561 959 738 1001 addidit
769 961 846 1001 vix
879 962 1119 1015 quisquam
1154 950 1363 1005 dubitare
1397 971 1571 1019 potest:
1607 967 1736 1009 Clau-

131 1037 245 1087 dius,
289 1042 339 1079 ut
380 1038 527 1080 Lollia
569 1052 660 1081 non
704 1054 900 1094 poenam
945 1055 1077 1096 passa
1109 1043 1188 1084 sed
1223 1043 1512 1086 clementiam
1546 1053 1737 1101 experta

130 1117 374 1168 videretur,
424 1119 619 1173 primum
668 1121 725 1162 de
774 1121 1014 1163 nobilitate
1057 1123 1152 1164 eius
1195 1125 1436 1178 praefatur,
1482 1127 1649 1168 deinde
1690 1129 1736 1170 in

127 1199 340 1241 sententia
385 1199 567 1241 dicenda
608 1201 671 1242 sic
703 1203 916 1255 perrexit
956 1208 1006 1243 ut
1051 1203 1239 1244 crimina
1282 1205 1322 1245 ei
1366 1205 1598 1248 obiiceret.
1644 1207 1735 1250 Sed

127 1278 363 1327 videamus
410 1292 530 1320 nunc
580 1281 704 1334 quod
753 1281 882 1331 XVI,
938 1291 987 1336 17
1037 1282 1222 1336 legitur:
1269 1284 1518 1338 (tamquam
1562 1286 1736 1328 Pisonis

127 1359 334 1401 conscius
367 1365 413 1401 et
445 1359 666 1402 Annaeus
699 1361 822 1402 Mela
852 1368 1090 1403 accusatur
1102 1381 1111 1413 ;
1148 1363 1222 1404 ille
1256 1366 1448 1419 autem):

194 1453 336 1494 „quae
364 1445 462 1481 tum
491 1441 831 1495 promptissima
859 1442 1017 1483 mortis
1046 1443 1132 1492 via,
1162 1444 1358 1485 exsolvit
1380 1459 1531 1496 venas,
1556 1447 1735 1501 scriptis

128 1518 361 1569 codicillis,
395 1520 559 1574 quibus
593 1521 813 1575 grandem
848 1523 1090 1576 pecuniam
1122 1523 1166 1564 in
1195 1524 1469 1579 Tigellinum
1497 1540 1736 1580 generum-

127 1612 218 1653 que
259 1600 355 1641 eius
398 1599 717 1642 Cossutianum
761 1601 1033 1656 Capitonem
1067 1604 1299 1658 erogabat,
1335 1619 1426 1659 quo
1459 1612 1610 1647 cetera
1644 1621 1734 1648 ma-

102 1685 302 1722 .nerent.
345 1679 548 1722 Additur
580 1681 800 1723 codicillis
833 1688 1067 1737 tamquam
1102 1684 1159 1725 de
1193 1684 1434 1738 iniquitate
1466 1687 1593 1727 exitii
1627 1701 1734 1741 que-

127 1773 230 1802 rens
272 1762 336 1803 ita
376 1762 637 1816 scripsisset,
682 1776 729 1804 se
772 1764 958 1817 quidem
1004 1765 1117 1806 mori
1162 1765 1294 1806 nullis
1333 1766 1541 1820 supplicii
1575 1769 1734 1819 causis,

127 1840 334 1883 Rufrium
381 1846 535 1883 autem
583 1842 841 1897 Crispinum
890 1849 936 1885 et
983 1844 1199 1886 Anicium
1248 1845 1470 1888 Cerialem
1514 1848 1607 1888 vita
1650 1848 1733 1889 frui

126 1921 326 1963 infensos
358 1922 596 1977 principi'’.

187 2000 261 2044 Sic
303 2002 463 2052 codex,
509 2008 554 2044 et
598 2010 787 2058 possunt
824 2004 936 2045 haec
976 2010 1207 2059 utcunque
1240 2005 1445 2061 intelligi,
1480 2008 1731 2050 dummodo

126 2081 171 2123 et
204 2088 310 2124 ante
343 2090 570 2137 tamquam
604 2083 649 2125 et
683 2090 788 2138 post
819 2086 1071 2139 scripsisset
1097 2085 1271 2139 virgula
1299 2093 1508 2140 ponatur.
1539 2087 1629 2129 Sed
1659 2089 1730 2130 vel

125 2162 189 2204 sic
231 2163 728 2218 plusquamperfectum
773 2166 1024 2219 scripsisset
1064 2165 1141 2206 vix
1183 2165 1419 2207 ferendum
1459 2168 1651 2218 videtur,
1686 2174 1731 2210 et

125 2247 274 2284 totum
317 2242 426 2285 illud
469 2245 657 2286 additur
698 2252 927 2298 tamquam
970 2245 1220 2299 scripsisset
1255 2246 1387 2287 nimis
1420 2252 1630 2289 contorte
1663 2254 1731 2289 est

125 2324 425 2365 enuntiatum.
480 2324 604 2366 Nihil
659 2338 767 2366 vero
816 2325 1070 2379 perversius
1119 2339 1257 2379 quam
1304 2325 1440 2367 lectio
1487 2329 1729 2382 scripsisse,

125 2417 263 2458 quam
296 2404 499 2446 nonnulli
532 2405 742 2459 probant,
778 2405 919 2446 verbo
946 2406 1133 2447 additur
1161 2419 1261 2447 eam
1291 2407 1563 2460 praebentes
1590 2413 1731 2450 struc-

125 2489 287 2534 turam,
335 2483 484 2539 ‘quam
532 2486 711 2535 dicitur,
751 2487 918 2540 fertur
965 2486 1112 2526 simm.
1162 2486 1330 2528 habere
1378 2487 1538 2529 solent.
1591 2488 1731 2529 Miror

125 2563 339 2618 equidem
367 2565 610 2615 neminem,
639 2579 742 2606 cum
771 2566 827 2606 de
856 2565 1067 2606 codicillis
1092 2565 1262 2619 aliquid
1291 2567 1473 2621 legisset
1496 2573 1541 2609 et
1563 2568 1730 2610 deinde

124 2644 169 2685 in
217 2645 411 2686 addendi
450 2644 640 2686 verbum
687 2645 921 2693 incideret,
966 2646 1018 2686 de
1059 2645 1204 2687 altera
1247 2647 1547 2689 codicillorum
1581 2656 1731 2703 parte,

124 2736 262 2777 quam
283 2724 512 2766 addiderit
529 2724 664 2774 Mela,
685 2724 922 2778 cogitasse.
944 2722 1033 2765 Sed
1052 2725 1351 2778 excipiendus
1369 2726 1441 2768 hic
1459 2728 1730 2783 Draegerus,

124 2803 200 2857 qui
229 2808 377 2844 totum
405 2803 515 2844 illud
544 2811 771 2857 tamquam
800 2804 852 2844 de
880 2804 1112 2856 iniquitate
1138 2805 1267 2847 exitii
1290 2820 1474 2859 querens
1500 2809 1564 2850 ita
1592 2810 1731 2864 scrip—

123 2883 251 2924 sisset
287 2883 532 2924 delendum
573 2889 741 2932 censet,
782 2897 898 2937 quae
932 2883 1206 2933 coniectura,
1243 2888 1450 2939 quamvis
1483 2888 1592 2929 mihi
1626 2890 1731 2930 arri-

124 2963 244 3012 deat,
289 2963 424 3017 paulo
466 2969 620 3005 tamen
665 2963 908 3004 violentior
952 2963 1145 3004 videtur.
1190 2964 1312 3019 Ergo
1356 2969 1596 3022 expunctis
1633 2975 1730 3010 tan-
