2040 3412
876 266 957 320 189

34 445 39 448 ῃ
70 380 80 392 ’
132 375 136 377 ’
167 386 241 430 Sic
274 387 319 428 in
352 386 511 428 codice
544 390 627 435 est,
660 386 736 439 qui
765 399 873 440 ergo
901 385 1211 440 spectaculum
1241 385 1373 425 nobis
1401 383 1590 425 exhibet
1618 396 1710 423 ma·

106 467 321 511 nifestum
345 451 654 508 annotationis
680 479 704 506 e
732 466 934 519 margine
961 466 1005 506 in
1031 471 1210 507 textum
1235 464 1490 518 transgredi
1515 462 1712 505 conantis

106 548 254 592 etiam.
303 546 416 589 Cum
452 547 572 596 enim
607 546 650 587 in
679 546 934 600 archetypo
963 545 1088 587 locus
1115 546 1178 587 ita
1206 551 1323 587 esset
1352 546 1546 600 scriptus
1574 543 1711 598 (dabo

79 639 81 642 '
107 634 260 671 autem
304 627 524 669 linearum
568 627 740 681 primae
773 627 1093 680 secundaeque
1127 626 1449 667 tantummodo
1483 630 1711 666 extremas

19 710 60 755 Γ
107 708 300 764 partes):

289 816 672 830 .......
738 820 747 828 .
813 820 822 828 .
888 788 1072 829 nomine
1105 788 1228 830 ciens
1340 786 1563 842 praemiis

812 900 821 909 .
885 868 1076 922 legionis
1107 873 1263 909 sextae
1344 881 1504 909 vocans

285 950 463 1004 signum
498 949 555 991 ad
589 963 693 1001 eum
726 949 1022 999 transtulerit,

47 1023 49 1026 ¹
103 1025 252 1078 rio‘vus
278 1030 486 1073 librarius
515 1031 711 1085 primum
739 1035 843 1084 post
870 1030 985 1072 ciens
1001 1035 1148 1071 totam
1166 1029 1525 1078 annotationem,
1545 1029 1711 1070 deinde

32 1138 42 1162 ¹.
107 1117 212 1167 post
243 1119 393 1154 sextae
425 1111 592 1152 iterum
625 1110 815 1152 alteram
849 1111 945 1152 eius
978 1116 1155 1165 partem
1189 1111 1234 1151 in
1267 1115 1445 1151 textum
1478 1109 1665 1164 recepit.

28 1247 40 1250 .‚
167 1192 312 1235 Vides
346 1205 436 1234 non
471 1192 631 1233 deesse
664 1192 708 1232 in
738 1191 897 1233 codice
928 1191 1139 1232 Mediceo
1168 1191 1316 1245 priore
1345 1191 1440 1232 eius
1469 1190 1545 1240 rei,
1574 1204 1711 1244 quam

37 1285 48 1294 ‘⁸
109 1273 334 1324 dicebam,
353 1273 584 1328 praeclara
601 1272 827 1327 exempla.
856 1272 923 1314 At
940 1271 1075 1326 longe
1093 1271 1259 1325 largior
1276 1272 1321 1312 in
1342 1271 1552 1312 Mediceo
1571 1270 1714 1312 altero

109 1355 268 1397 messis
300 1360 384 1396 est.

168 1435 228 1477 A.
257 1435 362 1486 XII,
395 1447 462 1489 33.
498 1434 615 1488 „Sed
643 1440 741 1476 tum
758 1439 858 1476 astu
877 1433 1082 1475 locorum
1101 1433 1259 1474 fraude
1277 1433 1399 1487 prior
1418 1432 1710 1487 (Caratacus),

109 1515 154 1558 vi
187 1507 380 1558 militum
414 1515 610 1573 inferior,
643 1514 859 1557 transfert
891 1514 1061 1556 bellum
1096 1515 1140 1555 in
1174 1513 1473 1556 Ordovicas.'’

169 1597 440 1639 Rectissime
462 1597 642 1652 fraude
673 1595 856 1637 seclusit
890 1595 1110 1654 Halmius,
1146 1596 1282 1649 quod,
1314 1594 1422 1635 olim
1450 1608 1585 1649 supra
1611 1602 1712 1637 astu

19 1731 23 1737 .
107 1678 341 1734 scriptum,
374 1678 419 1719 in
453 1692 557 1719 eum
589 1683 744 1719 textus
776 1677 927 1719 locum
960 1676 1154 1731 irrepsit,
1184 1676 1260 1717 ubi
1289 1675 1392 1717 ferri
1422 1675 1545 1716 nullo
1574 1676 1712 1721 modo

40 1780 74 1790 -v
107 1758 265 1815 possit.
295 1757 383 1812 Qui
412 1758 533 1799 enim
561 1758 681 1800 istud
709 1766 809 1800 astu
837 1758 1031 1805 locorum
1040 1758 1221 1812 fraude
1238 1756 1492 1798 defendunt
1510 1756 1661 1805 etiam,
1682 1756 1710 1797 ii

107 1852 244 1881 sanae
277 1839 419 1880 menti
453 1839 653 1880 indicere
686 1838 856 1879 bellum
890 1838 999 1880 mihi
1033 1838 1220 1892 quidem
1255 1837 1468 1878 videntur
1491 1835 1532 1891 ¹).

169 1919 324 1963 Simile
373 1920 497 1974 quid,
547 1933 631 1961 nec
680 1920 828 1961 minus
877 1918 1120 1968 funestum,
1169 1918 1374 1959 evenisse
1423 1918 1604 1959 videtur
1651 1916 1711 1958 A.

109 2001 238 2052 XIII,
288 2013 352 2054 14.
396 2001 518 2043 Irata
561 2001 733 2042 Neroni
775 2000 1034 2055 Agrippina
1066 2000 1366 2041 Brittanicum
1399 2012 1447 2039 se
1480 1999 1537 2040 ad
1572 1999 1713 2052 impe-

109 2082 224 2124 rium
258 2087 523 2124 vocaturam
557 2082 777 2123 minatur:

173 2162 370 2216 „Ituram
403 2176 507 2204 cum
540 2161 616 2203 illo
650 2162 694 2203 in
729 2167 899 2212 castra;
928 2161 1160 2203 audiretur
1187 2159 1293 2200 hinc
1322 2159 1580 2200 Germanici
1609 2158 1714 2208 filia,

109 2244 215 2285 inde
258 2243 420 2286 debilis
457 2241 621 2285 Burrus
659 2248 704 2283 et
736 2241 841 2283 exul
875 2241 1063 2290 Seneca,
1098 2246 1258 2282 trunca
1291 2239 1463 2280 scilicet
1497 2252 1632 2280 manu
1668 2245 1714 2280 et

109 2324 381 2379 professoria
412 2324 566 2378 lingua
597 2323 775 2378 generis
807 2322 992 2363 humani
1027 2321 1230 2375 regimen
1263 2318 1653 2374 expostulantes.”

170 2405 292 2447 Num
325 2405 575 2459 quidquam
609 2416 809 2457 unquam
842 2402 1062 2456 scriptum
1096 2406 1165 2442 est
1197 2400 1328 2441 simul
1357 2399 1402 2441 et
1430 2400 1640 2441 disertius
1668 2400 1713 2441 et

111 2485 253 2540 magis
287 2482 604 2540 perspicuum?
639 2483 744 2524 Non
778 2488 933 2523 tamen
968 2481 1323 2535 pulcherrimum
1357 2480 1477 2521 istud
1509 2480 1711 2522 hina...

151 2681 196 2725 ·1)
230 2681 336 2722 Quod
364 2681 408 2713 ad
434 2680 646 2723 peculiarem
670 2680 768 2712 illam
794 2677 1006 2711 substantivi
1033 2682 1115 2709 astu
1140 2676 1433 2719 significationem
1458 2676 1529 2720 (ars
1556 2676 1712 2719 eligendi

104 2739 226 2782 campi
259 2739 330 2772 suis
355 2739 526 2771 militibus
551 2738 641 2782 apti)
668 2738 835 2781 pertinet,
860 2736 904 2769 cf.
932 2736 979 2768 H.
1006 2736 1050 2767 V.
1081 2742 1142 2776 17:
1171 2745 1283 2777 „quae
1309 2735 1486 2777 provideri
1512 2739 1588 2768 astu
1613 2735 1711 2767 ducis

111 2797 316 2840 oportuerit,
350 2797 502 2840 provisa,
534 2807 677 2839 campos
710 2795 890 2828 madentes
925 2798 959 2826 et
992 2793 1080 2836 ipsis
1114 2803 1253 2835 gnaros,
1277 2793 1436 2825 hostibus
1461 2792 1622 2837 noxios,”
1649 2793 1711 2836 qui

109 2855 208 2889 locus
241 2855 427 2888 admonere
461 2855 599 2888 videtur
625 2859 662 2887 ut
687 2854 744 2886 hic
770 2853 831 2897 (A.
858 2853 941 2895 XII7
971 2850 1032 2894 33)
1059 2852 1210 2882 locorum
1238 2861 1379 2894 quoque
1405 2851 1603 2896 deleamus3
1628 2862 1710 2884 nam

102 2913 241 2956 fraude
273 2914 424 2945 locorum
458 2914 554 2945 vocis
589 2918 669 2945 astu
703 2913 752 2944 sic
779 2911 957 2944 adhibitae
983 2919 1055 2941 non
1081 2908 1241 2951 ineptum
1268 2913 1320 2941 est
1345 2909 1710 2952 interpretamentum.

111 2971 182 3004 Sed
204 2970 350 3003 fortasse
366 2971 506 3013 fraude
530 2970 646 3003 delere
672 2970 809 3002 sufficit.
