2040 3412
1026 319 1112 360 244

263 421 486 463 facturum
534 429 817 477 exspectant,
866 424 1062 466 Cerealis
1109 432 1155 468 et
1201 425 1355 468 Civilis
1397 441 1501 469 cum
1543 441 1625 469 suo
1670 435 1863 485 uterque
1896 416 1900 420 ‚

266 501 481 551 exercitu,
514 507 652 556 atque
686 503 850 544 milites
881 504 1161 546 orationibus
1195 511 1383 546 monent
1414 506 1758 562 hortanturque.
1792 508 1864 552 Ci-

268 580 367 621 vilis
400 580 651 623 Germanos
682 597 786 624 suos
819 589 865 624 et
895 583 983 625 alia
1015 585 1152 626 docet
1185 590 1254 626 et:

332 659 485 714 „Quae
533 662 761 716 provideri
802 669 902 704 astu
945 664 1072 705 ducis
1114 665 1388 718 oportuerit,
1433 667 1635 720 provisa,
1677 681 1865 723 campos
1931 690 1934 691 ⁷
1982 658 2007 686 ⁷²

268 740 505 782 madentes
537 746 583 782 et
614 742 723 796 ipsis
754 756 931 797 gnaros,
965 743 1153 798 paludes
1182 744 1388 786 hostibus
1420 745 1625 787 noxias.'’

329 820 416 861 Hic
448 834 630 875 quoque
664 822 920 876 Leopoldio
954 823 1100 877 primo
1132 823 1330 865 suboluit
1362 823 1502 876 fraus;
1537 824 1757 869 hactenus
1783 839 1865 882 per

268 900 451 954 longam
493 902 776 944 saeculorum
817 904 979 945 seriem
1022 917 1170 958 aequo
1203 904 1355 946 animo
1387 905 1587 947 tulerunt
1621 906 1702 948 viri
1737 907 1867 957 docti,

269 986 373 1034 post
415 989 589 1036 campos
630 983 851 1024 madentes
893 966 1271 1024 commemoratas
1303 984 1504 1038 paludes,
1549 991 1784 1040 tamquam
1826 986 1863 1029 si

269 1060 519 1114 quidquam
552 1061 803 1103 interesset.
850 1062 981 1103 Nunc
1014 1076 1136 1112 vero,
1169 1063 1227 1104 ab
1260 1062 1336 1104 illo
1370 1064 1543 1114 moniti,
1577 1065 1865 1119 posthaclsic

269 1139 493 1193 legemus:
527 1154 739 1195 „campos
766 1141 1003 1182 madentes
1031 1147 1075 1182 et
1101 1141 1208 1195 ipsis
1232 1155 1409 1196 gnaros,
1434 1142 1641 1186 hostibus
1658 1143 1866 1195 noxios·’‚

271 1225 316 1260 et
347 1220 433 1260 sibi
467 1220 695 1261 redditum
728 1221 938 1262 Taciturn
970 1222 1085 1275 grati
1119 1234 1431 1275 agnoscemus,
1858 1245 1884 1267 ι.

332 1299 423 1341 Ubi
458 1300 638 1341 dicendi
673 1300 810 1342 finem
843 1300 949 1342 fecit
982 1300 1136 1343 Civilis
1167 1306 1331 1355 atque:

335 1393 471 1432 „sono
509 1393 737 1421 armorum
768 1380 1068 1434 tripudiisque
1100 1380 1179 1435 (ita
1211 1380 1297 1422 illis
1330 1381 1443 1436 mos)
1475 1382 1734 1437 approbata
1761 1389 1868 1430 sunt

271 1461 407 1510 dicta,
440 1461 560 1502 saxis
591 1460 924 1515 glandibusque
956 1466 1002 1502 et
1034 1461 1197 1502 ceteris
1231 1461 1470 1503 missilibus
1504 1462 1725 1517 proelium
1756 1463 1868 1515 inci·

272 1541 405 1594 pitur,
444 1554 591 1594 neque
624 1546 780 1582 nostro
813 1540 956 1583 milite
989 1539 1202 1595 paludem
1235 1541 1518 1595 ingrediente
1550 1548 1597 1584 et
1629 1542 1902 1587 Germanis*

271 1626 322 1661 ut
355 1619 570 1661 elicerent
601 1619 969 1661 lacessentibus.'’
1859 1682 1867 1688 .

332 1700 401 1741 11Ιὶ
434 1700 551 1742 male
583 1701 640 1741 sit
672 1701 748 1754 qui
782 1701 952 1754 primus
983 1701 1071 1741 isto
1105 1709 1154 1742 ut
1182 1700 1386 1743 elicerent
1416 1701 1654 1743 interiecto
1687 1701 1867 1757 elegan-

271 1781 490 1822 tissimam
523 1781 761 1835 periodum
794 1780 959 1835 (neque
990 1786 1146 1822 nostro
1174 1780 1315 1822 milite
1343 1780 1555 1835 paludem
1582 1773 1867 1837 ingrediente

272 1867 317 1902 et
361 1861 597 1903 Germanis
636 1860 976 1916 lacessentibus)
1019 1861 1269 1915 corruperit
1311 1867 1357 1902 et
1400 1861 1586 1903 ridicule
1626 1862 1865 1917 loquacem

272 1941 403 1982 nobis
436 1941 646 1982 Tacitum
679 1940 948 1981 exhibuerit.
983 1940 1102 1981 Nam
1129 1940 1237 1994 quid
1265 1941 1310 1981 in
1338 1940 1424 1982 hac
1450 1942 1866 1987 narrationeJaces-

270 2022 395 2063 sendi
425 2021 627 2070 verbum,
660 2021 723 2061 sic
757 2021 876 2062 nude
909 2020 1121 2074 positum,
1154 2020 1238 2061 sibi
1272 2020 1382 2062 velit
1413 2021 1560 2074 quivis
1593 2036 1705 2076 puer
1734 2023 1867 2066 intel-

270 2102 382 2156 ligit,
417 2115 563 2155 neque
597 2101 655 2142 ad
687 2100 885 2141 hostium
918 2099 1167 2149 eonsilium,
1206 2100 1251 2141 id
1284 2100 1516 2154 agentium
1549 2107 1597 2142 ut
1631 2102 1864 2151 Romanos

271 2183 316 2224 in
325 2182 536 2237 paludem
554 2181 755 2230 illiciant,
774 2180 1104 2233 designandum
1122 2178 1261 2220 ullum
1278 2179 1399 2221 aliud
1417 2181 1666 2235 excogitari
1683 2187 1865 2237 poterat

271 2261 461 2302 verbum
493 2261 690 2314 ineptius
722 2273 859 2313 quam
891 2259 1039 2313 ipsum
1070 2258 1270 2300 eliciendi
1299 2259 1422 2301 illud.
