2040 3412
1066 295 1124 326 20

291 416 516 443 venenum
550 403 771 451 eiusmodi
806 409 853 444 ut
887 405 962 458 qui
996 418 1050 445 eo
1083 409 1269 445 necatus
1301 409 1419 444 esset
1448 402 1569 444 nulla
1596 403 1759 444 veneni
1786 387 1966 466 pm·

291 483 419 523 deret
466 482 617 536 signa;
667 483 792 536 atqui
841 483 1098 525 Germanici
1146 496 1328 537 quoque
1368 496 1533 536 corpus
1566 468 1978 543 ρναείκῖενίΐὴξῖ

290 563 487 618 veneficii
524 564 667 618 signa,
704 571 874 618 parum
917 564 1109 606 constitit
1150 563 1223 617 (ΙΙ,
1265 562 1351 617 73),
1385 562 1509 615 quod
1542 561 1635 602 fere
1666 561 1789 603 idem
1822 562 1892 609 est

291 657 342 683 ac
375 644 410 683 si
444 643 567 684 nulla
599 643 785 685 inventa
815 644 945 698 signa
976 643 1191 685 fateretur
1219 642 1426 683 Tacitus:
1456 655 1564 696 ergo
1592 641 1650 683 ab
1680 641 1756 684 illa
1781 634 1892 685 Geiss

291 723 468 764 manico
503 729 711 776 paratum
745 737 841 764 esse
875 737 1101 764 venenum
1134 736 1353 777 perquam
1387 727 1483 763 erat
1516 720 1801 764 verisimi1e”.

351 801 519 851 Audio,
549 803 628 843 sed
658 803 767 856 quid
796 802 919 844 hisce
947 816 1050 844 cum
1070 799 1894 856 praecedentibus?Quemadmodum

293 881 413 922 enim
456 882 716 923 coniunctio
758 897 861 924 nam
905 883 1055 932 docet,
1102 883 1173 930 de,
1199 881 1396 923 Martina
1439 878 1665 923 narrandi)
1707 881 1898 935 Tacitus

293 961 663 1014 praecedentium
710 961 888 1009 illorum
936 962 1154 1004 rationem
1202 961 1411 1003 reddidit.
1461 960 1698 1003 Praecedit
1739 964 1898 1004 autem

292 1045 477 1092 questus
519 1039 639 1093 vulgi
685 1041 808 1094 quod
850 1041 965 1090 Piso,
999 1041 1108 1081 dum
1141 1041 1322 1081 interim
1355 1053 1402 1081 se
1436 1039 1638 1082 oblectet
1668 1039 1994 1090 Achaiaffi·a.³]2

296 1117 546 1171 Asiamque
574 1119 872 1172 peragrando,
900 1119 1111 1161 scelerum
1138 1119 1368 1162 subvertat
1379 1120 1674 1174 probationes,
1701 1132 1898 1174 quorum
1928 1111 1994 1181 χχζ

297 1197 538 1238 verborum
565 1197 686 1238 haud
716 1198 852 1239 dubie
882 1198 955 1239 hic
982 1212 1139 1239 sensus
1166 1204 1234 1239 est
1261 1203 1310 1240 ut
1339 1198 1440 1239 Piso
1467 1199 1644 1240 dicatur
1668 1199 1726 1241 de
1742 1191 1899 1249 medio

303 1278 461 1319 tollere
489 1278 710 1332 quidquid
738 1278 906 1319 indicio
933 1292 1030 1320 esse
1058 1279 1200 1333 possit
1226 1284 1436 1320 necatum
1453 1292 1544 1320 ase
1562 1278 1901 1330 Germanicuma

303 1358 385 1398 Est
428 1359 522 1399 eius
564 1371 689 1398 mora
730 1372 969 1413 arrogans,
1015 1359 1120 1412 quia
1161 1364 1255 1399 tam
1299 1358 1382 1399 diri
1419 1357 1630 1400 facinoris
1661 1364 1902 1414 suspectus

301 1437 345 1477 in
389 1437 716 1478 amoenissimis
758 1443 978 1479 terrarum
1020 1437 1131 1479 locis
1174 1437 1367 1491 superbe
1410 1437 1794 1495 lautequevvivit3
1827 1442 1899 1489 est

300 1516 482 1557 subdola
514 1517 630 1570 quia,
665 1517 772 1558 dum
807 1523 987 1571 praeter
1019 1517 1277 1571 voluptates
1305 1531 1406 1558 suas
1434 1517 1495 1559 nil
1521 1531 1677 1560 curare
1703 1510 1904 1569 videtui}

231 1592 235 1595 ’
300 1596 344 1637 in
389 1596 519 1637 Italia
561 1610 640 1650 per
683 1597 910 1638 ministros
947 1597 1200 1638 securitatis
1231 1610 1338 1639 suae
1371 1611 1505 1639 causa
1537 1597 1708 1640 scelera
1737 1607 1979 1654 ρεφεὲ,

301 1677 463 1718 tranda
494 1682 632 1718 curat.
667 1677 795 1717 Haec
827 1676 979 1717 omnia
1012 1690 1066 1717 eo
1100 1690 1182 1717 nos
1215 1676 1387 1717 ducunt
1418 1682 1468 1718 ut
1500 1676 1588 1718 hoc
1620 1677 1710 1719 dici
1740 1677 1897 1720 creda-
1927 1664 2006 1739 ²³5

302 1771 422 1798 mus:
471 1756 672 1810 „illorum
716 1757 1022 1798 ministrorum
1066 1762 1111 1797 et
1146 1756 1343 1797 Martina
1377 1757 1560 1798 victima
1591 1756 1727 1799 fuisse
1758 1756 1899 1813 vulgo

304 1836 586 1877 videbatur’ss
622 1836 689 1877 At
722 1850 840 1877 nunc
873 1836 981 1890 quid
1014 1836 1099 1877 sibi
1131 1836 1227 1877 vult
1259 1849 1485 1878 venenum
1518 1836 1628 1878 illud
1659 1837 1784 1879 nodo
1812 1836 1921 1880 cris.

304 1916 427 1957 nium
471 1916 761 1966 occultatum,
804 1917 913 1970 quid
953 1916 1115 1957 frustra
1148 1917 1353 1970 quaesita
1384 1917 1553 1971 sumpti
1585 1916 1712 1958 exitii
1741 1914 1899 1972 signa?

302 1995 379 2036 An
409 1997 600 2050 putabat
628 1996 821 2050 populus
850 1996 1022 2036 Pisonis
1051 1996 1278 2037 ministros
1305 1997 1362 2038 ad
1389 1996 1632 2037 Martinam
1647 1995 1951 2042 tollendam

301 2075 377 2116 illo
420 2077 519 2130 ipso
561 2089 664 2116 usos
708 2089 899 2124 venen0,
944 2075 1066 2128 quod
1110 2080 1204 2116 tam
1238 2075 1353 2116 bene
1387 2074 1615 2116 celaverat
1645 2073 1745 2117 illa?
1776 2071 1958 2130 Quo·

302 2155 439 2196 modo
472 2169 526 2196 eo
560 2156 693 2209 potiti
720 2154 849 2196 sunt?
877 2155 1086 2209 Denique
1115 2155 1210 2209 ipse
1239 2155 1423 2196 Tacitus
1451 2155 1560 2210 quid
1588 2155 1698 2198 velit
1721 2168 1899 2249 11oeth

301 2235 493 2284 videtur,
527 2248 634 2289 ergo
667 2241 838 2276 temere
871 2234 1071 2289 proferre
1103 2248 1306 2276 rumores
1338 2235 1410 2276 hic
1443 2234 1532 2276 illic
1566 2235 1794 2278 inventost
1817 2261 1832 2278 ·
1949 2247 1983 2275 ..δὲ
