2040 3412
1002 357 1007 362 ,
1063 296 1152 368 ἡ148

310 436 575 477 adversatus
617 440 749 485 esset,
789 436 894 489 quia
927 435 1213 490 intelligebat
1244 434 1395 476 favere
1428 434 1467 475 ei
1501 439 1720 485 senatum,
1755 434 1878 477 nonn

310 515 422 556 haec
451 528 633 570 quoque
661 515 755 556 eius
782 515 1024 569 prudentia
1050 515 1346 556 vehementer
1373 519 1491 556 esset
1517 513 1768 556 laudanda?
1787 514 1859 556 Na

310 609 389 636 cur
418 595 610 636 Hortalo
637 595 841 637 faverent
868 595 1072 650 plerique
1099 601 1331 637 senatores
1357 594 1563 636 sollerter
1589 590 1907 650 perspiciebat]
1929 643 1942 648 NJ

311 688 477 729 nempe
520 680 568 716 ut
609 675 694 729 ipsi
737 689 918 730 quoque
963 676 1085 717 idem
1126 675 1348 716 haberent
1386 675 1601 728 egestatis
1632 674 1912 725 subsidium}
1953 658 1998 707 ἶ

311 769 393 809 pro
435 755 608 796 aerario
653 769 760 809 ergo
793 755 1013 810 pugnavit
1045 755 1234 805 fortiter,
1269 760 1532 809 certamque
1564 754 1622 795 ab
1656 767 1712 795 eo
1741 748 2003 819 avertit}

310 835 557 888 perniciem
590 834 813 876 nullorum
846 835 1015 876 veritus
1042 835 1153 876 iram
1181 835 1504 888 invidiamque.
1533 833 1654 888 Quid
1683 831 1911 876 attinebat

310 914 396 955 hoc
423 928 527 956 eum
555 915 859 956 condemnare
887 915 1054 957 iudicio
1081 929 1172 963 non
1201 915 1343 969 magis
1371 913 1596 956 malevolo
1619 925 1756 968 quam
1772 912 1906 956 falso:

374 995 527 1048 „Haec
566 1000 704 1049 atque
737 995 858 1045 talia,
891 1008 1167 1049 quamquam
1199 1008 1302 1036 cum
1335 994 1529 1036 adsensu
1562 993 1717 1036 audita
1748 992 1807 1035 ab
1837 992 1910 1043 iis,

310 1075 474 1128 quibus
501 1075 654 1116 omnia
681 1075 949 1130 principum,
979 1075 1157 1117 honesta
1183 1082 1312 1128 atque
1339 1074 1577 1124 inhonesta,
1600 1072 1784 1115 laudare
1808 1072 1909 1115 mos'

310 1160 392 1205 est,
427 1154 577 1209 plures
610 1168 690 1209 per
722 1154 950 1196 silentium
983 1160 1061 1196 aut
1095 1154 1324 1196 occultum
1357 1167 1558 1195 murmur
1589 1150 1862 1208 excepere”?
1890 1152 1894 1155 ’
1985 1209 1998 1219 P

370 1234 459 1276 Cur
501 1235 738 1277 inhonestis
778 1235 1102 1276 adnumeratur
1143 1233 1374 1289 praeclara
1415 1233 1585 1275 Tiberii
1629 1233 1791 1283 oratio,-
1825 1237 1909 1275 aut

309 1320 432 1356 certe
464 1315 509 1356 in
542 1315 693 1356 medio
727 1314 994 1369 relinquitur
1026 1319 1176 1356 utrum
1209 1314 1266 1355 ad
1300 1313 1540 1355 inhonesta
1572 1313 1724 1368 potius
1755 1325 1814 1354 an
1843 1306 1909 1355 ἀεὶ

310 1395 501 1437 honesta
544 1395 601 1436 sit
633 1393 897 1436 referenda?
931 1394 1045 1436 Cum
1078 1394 1344 1448 praesertim
1376 1393 1514 1434 etiam
1547 1392 1911 1434 commemoraui
1961 1379 1986 1438 si

310 1477 418 1517 dum
460 1476 518 1517 sit
561 1462 792 1530 egregium
834 1475 1005 1516 Tiberii
1048 1474 1232 1524 factum,
1272 1486 1362 1527 quo
1395 1473 1495 1514 luce
1527 1471 1688 1514 clarius
1720 1456 1935 1517 demon->⁷
1964 1511 1985 1525 „-

308 1557 468 1598 stravit
500 1570 591 1598 non
618 1569 749 1597 suum
776 1556 855 1597 sed
884 1554 1160 1610 reipublicae
1188 1554 1481 1595 commodum
1509 1553 1640 1594 unice
1667 1551 1796 1594 cordi'
1818 1549 1908 1593 sibi
1924 1548 1927 1550 ’

310 1650 430 1678 esse:
465 1637 635 1678 etenim
668 1650 726 1677 ex
758 1649 839 1677 sua
869 1649 973 1677 arca
1001 1634 1232 1676 Hortensii
1261 1633 1361 1674 filiis
1388 1633 1564 1675 ducena
1589 1630 1911 1674 adnumeravit·
1933 1623 1936 1625 ⁵

310 1718 529 1766 sestertia,
573 1722 710 1771 atque
749 1716 869 1771 (nam
902 1715 988 1756 hoc
1022 1716 1159 1756 etiam
1191 1713 1385 1768 gravius)
1419 1714 1607 1755 reticere
1640 1725 1730 1754 non
1762 1710 1907 1767 possit

309 1798 502 1851 scriptor
544 1802 704 1851 postea
738 1795 1000 1850 apparuisse
1033 1794 1157 1836 omni
1190 1793 1358 1835 auxilio
1390 1793 1625 1847 indignum
1657 1805 1755 1834 esse
1787 1788 1905 1834 Hor‘·

309 1876 464 1918 talum.
499 1876 617 1917 Nam
651 1876 774 1930 quod
808 1875 930 1916 illam
963 1888 1058 1915 rem
1091 1874 1160 1915 his
1192 1878 1384 1914 exornat
1416 1872 1566 1914 v'erbis
1596 1872 1804 1914 Tacitus:
1979 1925 1995 1930 r

374 1956 561 2010 „Neque
605 1955 842 1996 miseratus
883 1959 952 1995 est
994 1953 1184 2008 posthae
1227 1937 1450 2002 Tiberius,
1493 1950 1702 2006 quamvis
1743 1940 1990 2010 domuswsp
2034 2006 2036 2008 v

311 2036 543 2078 Hortensii
577 2036 839 2090 pudendam
872 2035 930 2076 ad
964 2033 1165 2088 inopiam
1197 2031 1514 2074 delaberetur”

309 2117 420 2171 quid
462 2121 581 2158 esset
624 2116 669 2157 in
708 2115 948 2170 iniquitate
980 2127 1206 2155 summum
1240 2112 1500 2154 declaravit.
1534 2110 1609 2152 An
1642 2110 1751 2153 boni
1782 2109 1903 2166 prin·

307 2197 419 2251 cipis
447 2203 515 2238 est
540 2202 634 2238 tam
662 2197 738 2238 diu
766 2195 985 2237 nobilium
1013 2194 1247 2235 hominum
1274 2191 1446 2234 levitati
1468 2196 1522 2233 ·et
1548 2191 1737 2232 vanitati
1764 2197 1908 2246 opem'
1925 2212 1926 2215 =

306 2276 436 2328 ferre,
470 2277 615 2318 donec
648 2282 726 2318 aut
758 2275 980 2317 aerarium
1011 2275 1068 2315 sit
1100 2273 1371 2315 exhaustum
1402 2276 1481 2313 aut
1513 2272 1609 2326 ipse
1637 2259 1912 2325 pudendam?

305 2357 363 2398 ad
396 2357 597 2411 inopiam
631 2352 890 2410 delapsus”?
1805 2348 1809 2350 ’

364 2437 423 2486 ΙΙ,
462 2437 531 2489 84.
577 2435 701 2477 Nihil
733 2450 759 2477 a
791 2435 976 2476 Tiberio
1008 2434 1096 2475 dici
1131 2432 1346 2487 potuisse,
1381 2431 1587 2485 quamvis
1621 2427 1899 2482 esset<.'inno-

303 2531 451 2567 cuum,
495 2517 602 2571 quin
644 2516 984 2557 acerbissimum
1028 2514 1253 2555 inveniret
1294 2525 1528 2553 censorem
1569 2510 1794 2560 Tacitum,
1824 2506 1925 2552 hi‘c'v

303 2598 428 2639 locus
461 2597 532 2638 vel
565 2597 807 2651 praecipue
841 2596 1118 2637 documento
1152 2598 1243 2634 est:

369 2677 606 2730 „Ceterum
633 2676 803 2717 recenti
827 2675 975 2717 adhuc
995 2674 1221 2715 maestitia
1239 2673 1314 2727 (sc.
1333 2671 1393 2713 ob
1412 2675 1605 2712 mortem
1624 2667 1880 2712 Germanici

303 2770 430 2798 soror
467 2756 701 2798 Gemanici
734 2755 880 2804 Livia,
913 2759 1056 2808 nupta
1088 2753 1250 2801 Druso,
1283 2752 1397 2792 duos
1429 2749 1568 2791 virilis
1598 2762 1733 2791 sexus
1764 2745 1879 2791 simu

304 2837 439 2877 enixa
471 2835 583 2877 est'’.
1910 2890 1915 2894 ¹
1939 2883 1970 2893 μγ

365 2915 512 2969 Quem
556 2929 647 2956 non
692 2915 749 2955 de
792 2913 927 2968 plebe
968 2926 1105 2954 avum
1147 2911 1370 2952 eiusmodi
1412 2923 1482 2951 res
1524 2909 1686 2963 insigni
1729 2892 1976 2955 afficiat-4²1?

304 2993 498 3049 gaudio?
536 2994 638 3048 Ipse
671 2993 857 3034 Tacitus
889 2998 1080 3034 testatur
1112 2991 1220 3032 illud
1259 3003 1432 3044 „rarum
1464 2989 1726 3044 laetumque
1757 2987 1895 3031 etiam
