2040 3412
1102 297 1182 340 132

338 403 494 457 pulum
537 404 920 458 deprehendimus
962 419 1099 460 quam
1142 419 1244 447 cum
1287 406 1401 447 duos
1443 405 1691 448 Annalium
1732 406 1870 458 locos,

336 483 453 525 libro
486 484 552 525 XI
585 484 791 535 alterum,
824 485 1016 527 alterum
1050 499 1074 526 e
1106 485 1222 527 libro
1251 486 1356 535 XII,
1385 486 1502 527 inte‘r
1529 499 1576 527 se
1603 499 1866 541 comparam

397 564 478 605 XI.
534 576 568 605 1.
622 565 922 620 „(Messalina)
971 565 1205 608 Valerium
1252 566 1520 616 Asiaticum,
1569 567 1638 608 bis
1687 567 1934 619 consulem,

337 644 470 685 fuisse
503 645 735 698 quondam
768 645 1023 687 adulterum
1055 647 1150 687 eius
1183 646 1438 701 (Poppaeae
1472 646 1684 702 Sabinae)
1716 647 1946 698 credidit}

336 725 596 778 pariterque
627 725 771 767 hortis
802 725 992 775 inhians,
1025 740 1139 780 quos
1171 726 1245 767 ille
1278 740 1304 767 a
1336 726 1528 768 Lucullo
1555 731 1745 782 coeptos
1770 726 1938 782 insigni

337 805 674 859 magnificentia
690 805 955 855 extollebat,
974 804 1179 847 Suillium
1197 806 1461 847 accusandis
1474 806 1674 860 utrisque
1685 804 1947 848 immittit&
1966 801 1998 837 4

396 885 500 934 XII,
537 894 605 939 59.
642 884 734 938 „At
766 884 980 926 Claudius
1011 885 1272 926 saevissima
1305 898 1512 940 quaeque
1546 898 1754 940 promere
1781 885 1934 941 adige·

335 965 468 1007 batur
510 965 714 1006 eiusdem
756 964 1040 1019 Agrippinae
1084 953 1268 1015 artibus,
1308 979 1424 1019 quae
1457 964 1686 1007 Statilium
1718 965 1932 1019 Taurum,

335 1045 499 1099 opibus
530 1044 762 1095 illustrem,
795 1045 940 1091 hortis
969 1046 1061 1088 eius
1092 1046 1271 1087 inhians
1302 1046 1522 1100 pervertit
1554 1051 1797 1089 accusante
1821 1044 1933 1093 Tan-
1957 1031 1996 1074 ss

336 1125 481 1180 quitio
517 1125 714 1167 Prisco.”

397 1205 599 1256 Pulcher,
643 1205 862 1260 profect0,
907 1206 1124 1247 orationis
1165 1205 1375 1247 flosculus
1417 1211 1485 1248 est
1526 1205 1637 1248 illud
1679 1206 1934 1262 ‘hortisin-

333 1284 491 1335 hians’,
515 1285 787 1339 egregieque
804 1285 880 1326 illo
899 1286 1159 1340 depingitur
1176 1286 1468 1340 intemperies
1485 1286 1636 1327 uxoris
1652 1285 1932 1341 impotentis,

334 1379 451 1420 quae
492 1365 705 1420 cupidine
739 1379 931 1406 accensa
963 1366 1165 1407 insontes
1198 1366 1480 1420 perverterit.
1515 1365 1621 1415 Sed,
1655 1347 1932 1420 quamquam

333 1445 543 1487 lubenter
584 1446 788 1486 concedo
832 1445 1043 1500 pulchros
1076 1445 1232 1486 hortos
1265 1459 1322 1486 ex
1354 1458 1409 1486 eo
1442 1459 1591 1487 rerum
1623 1459 1720 1487 esse
1751 1456 1932 1500 genere,

333 1540 445 1580 quas
486 1540 649 1567 avarae
689 1525 985 1580 crudelesque
1018 1525 1226 1566 mulieres
1260 1539 1366 1580 prae
1399 1526 1561 1567 ceteris
1593 1526 1761 1568 habere
1791 1531 1933 1580 atque

333 1607 450 1648 adeo
484 1615 564 1661 per
595 1597 820 1647 summum
853 1606 998 1647 scelus
1029 1606 1236 1647 obtinere
1269 1606 1483 1656 nitantur,
1512 1608 1679 1656 tamen,
1708 1605 1815 1661 quia
1837 1618 1929 1655 non

334 1687 391 1728 de
417 1686 513 1728 sola
540 1686 783 1728 Messalina
811 1686 882 1727 vel
911 1686 1181 1741 Agrippina,
1204 1686 1284 1727 sed
1307 1687 1364 1727 de
1387 1692 1576 1740 utraque
1595 1685 1774 1745 Claudii
1787 1699 1928 1728 uxore

332 1765 455 1807 hisce
482 1766 629 1820 agitur
655 1765 780 1815 locis,
808 1765 918 1807 illud
944 1766 1088 1807 hortis
1115 1753 1293 1806 inlzidns
1321 1779 1376 1806 ne
1405 1778 1495 1806 non
1521 1770 1616 1806 tam
1638 1765 1696 1807 ad
1718 1770 1929 1809 accurate

332 1859 427 1886 rem
469 1846 740 1887 tradendam
782 1859 918 1899 quam
961 1846 1019 1887 ad
1061 1845 1309 1899 legentium
1343 1845 1518 1886 animos
1549 1845 1614 1887 ira
1646 1850 1692 1887 et
1724 1844 1929 1900 indignaf

331 1925 456 1966 tione
489 1926 847 1968 commovendos
879 1925 1121 1979 utrobique
1153 1926 1211 1966 sit
1244 1925 1443 1979 positum
1476 1930 1677 1966 metuere
1715 1924 1899 1980 incipio.
1926 1927 1939 1942 ²

393 2005 494 2046 Hoc
523 2011 696 2046 certum
719 2011 786 2046 est
810 2005 1041 2059 eleganter
1065 2011 1274 2059 terseque
1292 2004 1606 2046 conformandi
1624 2004 1711 2046 loci
1727 2004 1928 2049 studium

330 2085 470 2127 semel
503 2099 557 2126 eo
589 2086 833 2127 adduxisse
866 2085 1076 2127 Tacitum
1109 2091 1158 2126 ut
1190 2086 1235 2126 in
1268 2084 1608 2126 considerandis
1640 2084 1785 2135 rebus,
1813 2097 1927 2145 quas
1961 2083 2000 2150 ,ff

330 2165 466 2221 paulo
500 2171 605 2207 ante
638 2171 911 2215 narraverat,
944 2160 1151 2220 apertum
1185 2165 1492 2206 committeret
1524 2178 1736 2207 errorem.
1935 2148 1937 2151 Δ

390 2246 448 2287 Η.
482 2245 562 2295 IV,
598 2258 667 2299 33.
712 2245 866 2287 Civilis
909 2259 1011 2286 cum
1055 2251 1183 2300 parte
1225 2245 1457 2299 copiarum
1489 2244 1784 2299 improvisum
1816 2243 1933 2287 facit*

327 2326 549 2381 impetum
593 2326 637 2366 in
681 2325 884 2367 Voculae
917 2331 1085 2376 castra3
1120 2326 1301 2379 iamque
1335 2325 1396 2365 ibi
1428 2324 1630 2379 legiones
1662 2324 1782 2379 ipsas
1811 2329 1923 2366 ster·

327 2420 433 2447 nere
466 2406 688 2460 incipiunt
720 2419 823 2446 cum
855 2406 1005 2446 subito
1039 2405 1217 2446 fortuna
1250 2418 1428 2459 pugnae
1461 2409 1682 2446 mutatur:
1769 2460 1773 2461 ⁷

390 2486 679 2538 „Vasconum
722 2485 866 2526 lectae
910 2498 937 2526 a
974 2484 1120 2526 Galba
1152 2484 1363 2526 cohortes
1394 2497 1446 2525 ac
1479 2490 1575 2525 tum
1607 2473 1780 2525 accitae
1811 2482 1942 2531 dutus·
1962 2486 1992 2548 -j

325 2566 482 2607 castris
536 2566 859 2620 propinquant,
908 2565 1064 2606 audito
1112 2564 1430 2619 proeliantium
1477 2563 1674 2605 clamore
1720 2546 1995 2626 intentos

324 2645 466 2686 hostis
509 2659 535 2686 a
578 2650 708 2699 tergo
742 2645 964 2686 invadunt
995 2645 1294 2698 latioremque
1328 2657 1464 2698 quam
1498 2657 1580 2698 pro
1613 2656 1801 2685 numero
1832 2629 1994 2692 terffsssg'ss

325 2738 478 2775 rorem,
506 2725 688 2774 faciunt,
722 2725 820 2766 aliis
851 2739 877 2766 a
912 2725 1154 2774 Novaesio,
1188 2723 1286 2765 aliis
1314 2737 1340 2764 a
1367 2724 1662 2777 Mogontiaco
1690 2721 1996 2785 universas

324 2804 478 2857 copias
510 2804 747 2845 advenisse
776 2805 1079 2846 credentibus.
1108 2805 1152 2845 Is
1179 2817 1302 2845 error
1330 2803 1547 2844 Romanis
1574 2803 1703 2844 addit
1729 2802 1920 2855 animos„

324 2889 369 2924 et
412 2884 520 2924 dum
563 2884 719 2925 alienis
752 2885 921 2926 viribus
953 2884 1203 2933 confidunt,
1235 2897 1336 2924 suas
1369 2896 1594 2936 recepere.
1628 2867 1932 2924 Fortissimus*

325 2963 514 3017 quisque
547 2977 570 3004 e
604 2963 798 3013 Batavis,
829 2970 1049 3018 quantum
1077 2965 1282 3019 peditum
1311 2968 1420 3012 erat,
1448 2963 1751 3004 trucidantur:
1779 2945 1990 3026 eques*
