2040 3412
860 289 946 334 297

65 419 79 434 ε
103 399 185 454 ἔφη
233 397 445 452 πρόρρησιν
490 398 812 450 ἐμπεπτωκέναι
854 403 1062 451 λογισμοῦ
1095 400 1268 453 δεομένῳ
1300 397 1531 453 χρημάτων
1566 399 1703 452 αὐτῷι

107 481 300 524 Galliam
334 482 454 523 enim
487 480 724 522 subactam
756 482 840 523 sibi
874 483 1071 536 praedae
1104 482 1213 531 fore,
1248 481 1420 523 Galbae
1449 495 1556 523 vero
1585 481 1706 522 bona

103 561 259 604 statim
302 575 350 603 se
391 561 694 604 venditurum.
736 562 833 603 Ista
865 560 1076 615 πρόρρησιν
1110 564 1316 612 λογισμοῦ
1353 575 1442 603 non
1477 560 1705 615 intelligo:

54 624 64 633 .
102 647 343 697 expectem
377 641 469 683 fere
502 639 712 693 πρόφασιν
745 644 1064 693 χρηματισμοῦ.

164 720 310 763 Galba
344 721 434 763 VII
485 721 621 764 Mane
665 722 723 764 ad
759 721 951 764 Galbam
986 721 1130 763 Icelus
1164 721 1311 762 Roma
1343 721 1468 762 venit
1496 721 1708 762 nuntians

103 797 164 844 ὅτι
207 799 278 843 καὶ
321 800 466 855 ζῶντος
511 799 570 843 ἔτι
605 804 677 843 τοῦ
711 799 907 854 Νέρωνος,
938 803 1008 843 οὐκ
1044 799 1156 847 ὄντος
1193 800 1234 842 δὲ
1267 803 1464 852 φανεροῦ,
1498 800 1544 842 τὸ
1579 798 1705 852 στροέ-

103 897 243 932 τευμα
293 885 446 934 πρῶτον
491 878 585 924 εἶτα
628 881 644 923 ὁ
690 881 815 933 δῆμος
859 882 928 924 καὶ
975 883 996 931 ἦ
1040 880 1279 932 σύγκλητος
1318 879 1603 937 αὐτοκράτορσι
1636 879 1705 921 τὸν

106 961 288 1014 Γάλβαν
331 962 664 1016 ἀναγορεύσειεν.
710 964 795 1005 Pro
837 962 907 1004 καὶ
956 962 1101 1017 ζῶντος
1146 963 1387 1017 requiritur
1427 961 1571 1015 ζῶντος
1614 959 1705 1012 μέν.

105 1044 245 1086 Paulo
279 1051 384 1100 post
416 1045 641 1099 sequitur:
678 1044 749 1086 hic
784 1046 966 1086 nuntius
1000 1044 1192 1086 Galbam
1226 1043 1394 1084 clarum
1429 1042 1629 1084 reddidit
1662 1047 1708 1083 et

105 1125 163 1167 ad
206 1125 325 1167 fores
357 1126 452 1167 eius
485 1126 678 1167 accurrit
712 1125 956 1167 multitudo
991 1125 1225 1166 hominum
1258 1120 1607 1174 ἐκτεθαρρηκότων
1638 1120 1707 1163 ὑπ’

104 1204 469 1257 αὐτοῦβεβαίως.
515 1206 560 1247 Α
593 1204 822 1259 quonam?
855 1205 933 1246 Ab
966 1203 1176 1246 Icelone?
1210 1204 1351 1245 Tum:
1385 1202 1520 1244 καίτοι
1554 1201 1599 1243 τὸ
1632 1199 1708 1243 τα-

103 1300 181 1338 χος
224 1282 271 1334 ἦν
319 1284 512 1327 ἄπιστον.
558 1284 699 1327 Ἀλλὰ
744 1284 814 1326 καὶ
849 1284 962 1326 δυσὶν
997 1283 1169 1337 ἡμέραις
1205 1283 1365 1330 Οὐίνιος
1402 1282 1527 1330 Τίτος
1565 1281 1707 1324 πολλοὶ

102 1369 182 1417 τῶν
229 1366 314 1408 dm}
358 1365 639 1418 στρατοπέδου
684 1365 775 1416 μεθ’
820 1364 964 1418 ἑτέρων
998 1364 1177 1418 οέφίκετο
1214 1365 1270 1405 τα
1305 1363 1487 1414 δόξαντα
1519 1369 1570 1416 τῇ
1605 1379 1710 1414 συγ-

105 1445 244 1500 κλήτῳ
277 1447 368 1489 καθ’
402 1445 578 1489 ἕκαστον
611 1446 925 1498 ἀπαγγέλλων.
959 1447 1091 1488 Plura
1124 1447 1196 1488 hic
1230 1452 1334 1488 sunt
1361 1446 1543 1487 turbata
1571 1445 1710 1500 (certe

105 1534 371 1584 corruptum
416 1534 484 1569 est
527 1526 670 1569 πολλοὶ
713 1528 821 1583 τῶν),
856 1529 936 1569 sed
969 1528 1179 1569 universa
1211 1527 1438 1568 sententia
1472 1525 1581 1566 mihi
1614 1524 1710 1579 qui·

110 1609 215 1650 dem
236 1623 238 1625 ’
259 1609 371 1650 haec
405 1623 502 1650 esse
537 1609 740 1650 videtur:
780 1615 961 1666 „tamen¹
992 1610 1090 1663 ipsa
1123 1607 1328 1649 celeritas
1362 1606 1580 1648 militibus
1614 1619 1715 1660 pro-

109 1689 469 1744 vincialibusque
511 1690 816 1744 suspicionem
861 1690 1052 1731 iniicere<
1088 1689 1330 1731 debuerat:
1366 1689 1561 1729 Romam
1594 1686 1715 1727 enim

111 1770 187 1824 qui
230 1770 289 1811 ab
332 1783 387 1811 eo
429 1770 589 1811 missus
632 1775 728 1811 erat
772 1771 828 1811 ad
863 1784 1012 1811 rerum
1046 1770 1404 1824 opinionumque
1437 1773 1605 1808 statum
1639 1780 1714 1806 ex-

108 1849 396 1904 plorandum,
440 1850 571 1891 Titus
615 1849 791 1899 Vinius>
836 1850 923 1890 iam
968 1850 1103 1891 tertio
1148 1850 1220 1891 die
1263 1849 1421 1890 aderat
1453 1852 1714 1889 accuratum

108 1929 306 1972 referens
340 1931 548 1972 nuntium
582 1931 638 1972 de
672 1936 854 1972 senatus
887 1929 1156 1971 sententia.·‘’

173 2010 356 2066 „Atque
401 2011 564 2053 Vinius
611 2012 798 2065 quidem
847 2012 903 2052 ad
953 2012 1291 2052 honoratiorem
1336 2009 1522 2051 militiae
1565 2008 1714 2049 locum

111 2090 473 2146 provehebatur:
518 2091 683 2133 liberto
727 2092 943 2132 annulum
988 2092 1115 2132 dedit
1148 2105 1333 2132 aureum
1366 2092 1436 2131 καὶ
1471 2087 1714 2140 Μαρκιανὸς

112 2169 129 2212 ὁ
154 2169 317 2217 ’Ίκελος
346 2170 418 2220 ἤδη
452 2164 706 2222 καλούμενος
737 2171 855 2213 κτὲ.”
895 2172 1132 2213 Libertum
1161 2171 1286 2212 illum
1313 2169 1482 2211 Icelum
1502 2183 1599 2210 esse
1617 2169 1717 2223 quis

115 2258 209 2294 tam
248 2252 389 2294 hebes
423 2254 500 2307 qui
533 2267 624 2294 non
659 2252 910 2308 intelligat?
945 2253 1067 2306 Ergo
1101 2252 1172 2293 hic
1206 2251 1223 2292 ὁ
1250 2250 1413 2297 Ἴκελος
1447 2250 1715 2292 tollendum.

178 2333 323 2375 Galba
356 2333 398 2374 X
450 2334 625 2375 Metum
659 2334 797 2375 etiam
831 2333 1002 2375 Galbae
1030 2333 1262 2374 iniiciebat
1290 2333 1521 2386 Virginius
1551 2331 1715 2372 Rufus:

116 2427 252 2455 nemo
285 2414 406 2455 enim
438 2419 567 2456 tanta
600 2420 696 2455 erat
729 2414 849 2455 fama
882 2419 1053 2468 quanta
1085 2413 1172 2463 ille,
1205 2413 1254 2459 ὡς
1290 2411 1476 2464 μεγίστη
1503 2413 1603 2464 ῥοπῇ
1632 2414 1717 2457 τοῖς

115 2493 328 2544 Ῥωμαίων
356 2493 584 2547 πράγμασι
614 2494 847 2547 τυραννίδος
870 2494 977 2544 ,ὁμοῦ
1006 2494 1074 2535 καὶ
1098 2497 1345 2535 Γαλατικῶν
1365 2492 1557 2544 πολέμων
1574 2493 1718 2534 οὲπαλ-

114 2575 231 2626 λαγὴ
281 2574 518 2625 γενόμενος.
566 2575 640 2617 Sic
684 2576 889 2626 codices;
926 2589 1007 2630 pro
1040 2574 1226 2628 μεγίστη
1257 2576 1356 2628 ῥοπῇ
1391 2574 1558 2616 Coraes
1590 2587 1718 2628 prae-

115 2661 250 2697 eunte
285 2656 471 2697 Reiskio
502 2645 688 2706 μεγίστη
722 2655 837 2708 ῥοπή.
874 2657 1156 2706 Rectissime,
1191 2657 1270 2697 sed
1306 2656 1452 2696 minus
1485 2660 1607 2696 recte
1635 2667 1718 2709 pro

117 2735 361 2787 οέπαλλαγή
406 2737 533 2778 dedit
575 2737 836 2790 ἀπαλλαγῇ.
881 2737 986 2778 Non
1025 2737 1145 2778 enim
1180 2741 1446 2791 persanatur
1478 2735 1603 2776 locus
1636 2734 1719 2775 nisi

117 2817 418 2868 ἀπαλλαγεῖσι
452 2818 703 2859 scribimus.

181 2898 326 2941 Galba
354 2899 420 2940 XI
465 2899 614 2940 Primo
642 2904 851 2953 tempore
879 2898 1103 2939 bonorum
1131 2898 1333 2939 omnium
1356 2897 1538 2938 laudem
1558 2897 1722 2938 meruit

123 2978 268 3020 Galba
310 2979 575 3034 simpliciter
618 2979 816 3020 vivendo
859 2983 905 3019 et
938 2978 1072 3019 rebus
1106 2978 1315 3033 pretiosis
1348 2991 1464 3031 quae
1498 2977 1538 3018 ei
1572 2991 1596 3017 e
1631 2976 1722 3018 Ne-
