2040 3412
875 328 954 372 127

43 498 47 499 ⁷
169 437 304 493 Quod
348 442 545 492 „quanto
579 437 767 479 ditiores
800 443 931 478 tanto
964 421 1270 479 imbelliores”
1303 438 1516 480 dicuntur
1548 438 1716 488 Aedui,

109 516 245 562 Silius
285 523 355 560 est
397 518 473 572 qui
516 517 580 558 sic
623 517 788 559 milites
830 518 1008 567 edocet,
1052 532 1143 559 non
1186 519 1250 560 ita
1289 519 1612 561 ratiocinantes
1647 518 1718 560 vel

109 599 418 658 ratiocinaturi
446 598 678 653 finguntur
705 598 883 640 milites.
911 599 1034 653 Ergo
1060 599 1398 653 perversissima
1417 605 1486 641 est
1506 599 1715 641 Pfitzneri

108 681 371 723 coniectura
401 694 491 722 esse
522 685 627 734 post
654 679 846 721 imbelles
874 680 1125 729 inserentis,
1155 694 1291 734 quam
1320 686 1473 722 tamen
1503 681 1716 735 probavit

1 753 5 756 ⁵
54 756 67 819 7⁷
110 758 447 816 Nipperdeyus.
478 760 738 809 Monentur,
769 765 817 801 ut
845 760 1021 814 opinor,
1052 759 1218 801 milites
1246 766 1295 802 ut
1321 762 1367 802 id
1397 761 1563 803 faciant
1591 763 1715 816 quod

110 839 303 882 militum
337 845 418 889 est,
453 840 548 881 sive
579 841 776 882 evincere
806 839 878 881 hic
913 839 1004 881 fere
1036 841 1291 882 devincendi
1320 842 1411 882 vim
1440 842 1592 892 habet,
1620 843 1715 884 sive

49 949 71 976 ῥ’
110 907 348 976 cori-uptus
390 920 516 962 locus
558 926 627 962 est
664 926 709 962 et
742 920 928 962 Tacitus
962 920 1120 962 Silium
1154 921 1332 983 induxit
1367 922 1584 964 militibus
1618 937 1715 965 nar-

50 1043 52 1046 ,
110 1006 288 1044 tantem
329 1014 447 1055 quae
485 1006 604 1042 esset
641 1001 764 1057 unice
798 985 908 1042 vera
940 1002 1059 1043 ratio
1091 1001 1297 1043 hostibus
1331 1009 1424 1044 tam
1457 1003 1716 1045 imbellibus

41 1103 51 1114 e
110 1082 283 1124 utendi.
313 1080 403 1127 Sed
423 1081 708 1137 fugientibus
734 1081 940 1123 consulite
966 1063 1146 1136 egregie
1174 1083 1347 1124 dictum
1375 1084 1568 1134 videtur,
1597 1098 1716 1126 sum-

113 1175 212 1205 mus
253 1163 370 1204 inest
414 1162 458 1203 in
499 1162 596 1222 illis,
617 1162 851 1203 vocabulis
885 1167 1190 1217 contemptus,
1224 1164 1259 1203 si
1294 1163 1380 1205 hoc
1414 1164 1524 1206 dicit
1558 1164 1717 1207 Silius:

1 1248 52 1273 -2'
117 1257 245 1298 „cum
288 1243 597 1298 pugnantibus
641 1256 731 1284 non
775 1243 859 1283 erit
903 1243 1033 1284 vobis
1075 1257 1166 1294 res;
1212 1250 1365 1285 curate
1401 1245 1539 1286 modo
1571 1251 1621 1286 ut
1654 1245 1718 1286 fu-

41 1352 43 1354 v
111 1323 288 1379 gientes
319 1323 520 1365 habeant
552 1322 753 1377 fugiendi
786 1323 997 1377 spatium,
1034 1323 1175 1364 nolite
1208 1338 1286 1365 eos
1319 1324 1409 1366 ullo
1444 1326 1582 1367 modo
1617 1327 1720 1368 reti-

75 1384 81 1389 *
113 1417 234 1454 nere,
267 1404 481 1446 videbitis
513 1417 651 1458 quam
685 1403 904 1445 velociter
935 1404 1159 1454 currant”‚
1194 1419 1311 1459 quae
1343 1411 1411 1447 est
1444 1407 1589 1447 oratio
1622 1407 1718 1448 viro

113 1485 295 1526 militari
335 1485 583 1539 aptissima.
620 1484 679 1525 Et
713 1484 837 1538 quod
871 1497 955 1538 ego
991 1490 1103 1538 puto
1135 1499 1161 1525 a
1195 1484 1305 1527 Silio
1339 1485 1411 1527 hic
1445 1487 1588 1528 iussos
1621 1497 1718 1529 esse

42 1555 51 1560 ³
114 1565 292 1616 milites,
326 1566 372 1608 id
405 1579 563 1607 revera
595 1565 753 1606 fecisse
786 1565 1012 1614 videntur,
1046 1566 1235 1606 caedem
1269 1567 1390 1607 enim
1426 1567 1590 1610 factam
1626 1583 1717 1610 non

111 1630 334 1696 audimus,
367 1659 484 1700 quae
517 1645 804 1688 hauddubie
833 1645 953 1707 facta
981 1651 1113 1695 esset,
1142 1646 1178 1686 si
1206 1660 1308 1687 cum
1337 1652 1431 1688 tam
1461 1648 1718 1690 imbellibus

112 1727 319 1783 hostibus
362 1728 696 1769 conseruissent
740 1741 923 1768 manum
967 1727 1197 1768 fortissimi
1236 1728 1561 1770 Romanorum.
1597 1730 1720 1784 Ergo

30 1795 39 1798 ‚,
104 1820 205 1850 ”non
233 1813 423 1862 possunt
450 1821 540 1865 non
569 1808 917 1849 admirationem
947 1808 1177 1861 quandam
1207 1808 1318 1850 haec
1348 1823 1532 1851 movere
1560 1811 1720 1852 verba:

118 1893 189 1942 „et
217 1888 504 1930 circumfudit
532 1901 685 1942 eques,
714 1872 1002 1943 frontemque
1031 1889 1210 1943 pedites
1238 1890 1456 1940 invasere,
1481 1905 1564 1932 nec
1588 1905 1721 1933 cunc-

0 1980 1 1990 *
34 1960 46 2015 J
112 1974 261 2018 tatum
277 1968 326 2024 (?)
357 1970 479 2024 apud
513 1969 699 2011 latera”.
734 1970 853 2011 Nam
886 1969 1037 2011 hercle
1074 1984 1164 2011 non
1193 1971 1422 2014 consulunt
1437 1973 1724 2027 fugientibus

25 2095 73 2101 ,,
112 2051 190 2105 qui
232 2051 386 2093 hostes
425 2051 483 2092 ab
516 2051 641 2092 omni
674 2056 803 2106 parte
837 2051 1092 2092 includunt:
1127 2051 1204 2092 ubi
1238 2051 1323 2093 hoc
1357 2052 1561 2107 legimus,
1595 2055 1722 2108 sequi

112 2131 228 2174 solet
261 2138 311 2174 ut
344 2133 498 2174 hostes
531 2133 687 2187 paucis
720 2131 887 2173 relictis
921 2132 1218 2173 trucidentur.

120 2240 123 2243 -
173 2212 232 2254 A.
267 2213 325 2263 V,
367 2225 430 2255 10.
474 2212 655 2268 Operae
699 2213 894 2267 pretium
932 2218 1000 2253 est
1034 2212 1276 2253 observare
1311 2227 1447 2267 quam
1481 2227 1723 2268 suspensos

48 2285 50 2290 ¹
113 2307 196 2337 nos
242 2293 512 2348 relinquant,
564 2307 700 2348 quam
749 2294 839 2334 sint
887 2293 1195 2348 imperfectae,
1240 2307 1399 2334 omnes
1442 2296 1723 2336 narrationes

47 2376 52 2426 'v
113 2373 341 2431 Taciteae
362 2375 420 2416 de
453 2374 714 2415 hominibus
743 2374 921 2428 ignotis,
953 2374 1029 2427 qui
1058 2374 1142 2414 sibi
1171 2387 1338 2415 nomen
1368 2375 1613 2416 indiderint
1642 2376 1723 2416 viri

35 2494 56 2499 .,
114 2454 300 2497 alicuius
332 2454 508 2504 nobilis,
543 2455 620 2509 qui
654 2455 826 2496 dudum
862 2460 1066 2495 mortuus
1099 2459 1167 2494 est
1200 2459 1337 2508 atque
1371 2469 1424 2496 ea
1455 2455 1611 2496 fraude
1644 2456 1722 2497 ali-

46 2522 53 2538 ⁷
115 2536 380 2591 quantisper
411 2535 607 2577 ludibrio
635 2535 878 2577 habuerint
905 2534 1071 2576 multos
1101 2534 1326 2576 mortales.
1358 2534 1448 2576 Sed
1478 2536 1599 2577 nulla
1623 2542 1721 2578 tan-

114 2614 273 2671 topere
306 2616 392 2658 hoc
424 2618 608 2658 nomine
642 2616 1020 2671 reprehendenda
1051 2629 1187 2668 quam
1221 2629 1337 2668 quae
1370 2615 1443 2656 hic
1470 2616 1634 2670 legitur
1663 2618 1719 2658 de

115 2698 475 2752 pseudo-Druso,
534 2698 636 2751 „qui
689 2698 778 2738 iam
828 2696 1074 2737 iuventutis
1122 2708 1342 2736 concursu
1392 2696 1479 2736 iam
1528 2697 1721 2750 publicis

114 2778 274 2819 studiis
306 2777 680 2832 frequentabatur
803 2809 812 2817 .
846 2789 949 2817 cum
983 2775 1188 2816 auditum
1215 2775 1260 2816 id
1289 2775 1506 2830 Poppaeo
1534 2775 1720 2828 Sabino,

24 2851 46 2899 Ῐῖ;
118 2858 415 2900 Macedoniae
463 2859 579 2900 curis
628 2857 848 2899 intento”.
898 2855 1160 2910 Sequuntur
1202 2855 1344 2906 multa
1387 2856 1444 2897 de
1487 2857 1722 2899 celerrima

116 2939 313 2992 quadam
346 2939 548 2994 Poppaei
581 2939 749 2979 circum
784 2937 1021 2978 Graeciam
1056 2936 1345 2989 navigatione
1376 2936 1524 2990 deque
1554 2938 1647 2978 eius
1677 2938 1720 2979 in

116 3018 341 3061 coloniam
377 3019 637 3074 Nicopolim
670 3020 897 3060 adventu:
