2040 3412
871 291 954 337 257

47 417 71 462 ⁸.
121 402 284 458 opinor
321 403 482 456 „etiam
515 402 772 444 ardentes''.
806 403 872 445 At
906 418 1024 446 nunc
1057 404 1102 446 in
1136 400 1285 460 priore
1312 407 1567 448 sententiae
1595 413 1724 462 parte

122 482 252 525 deest
291 482 463 537 aliquid
505 483 629 536 quod
672 483 745 524 isti
794 484 957 537 „etiam
1000 485 1241 526 ardentes”
1285 492 1407 527 recte
1448 493 1722 541 opponatur,

47 569 64 619 :J
121 563 262 618 quod·
287 562 372 604 nisi
413 562 566 616 aliquo
609 563 748 604 modo
781 569 849 605 est
882 577 1161 619 expressum,
1195 579 1449 620 pronomen
1482 568 1626 608 eodem
1660 566 1723 609 nil

120 640 261 684 habet
302 655 394 696 quo
436 641 667 683 referatur.
711 643 894 697 Integra
938 644 1022 685 erit
1055 646 1295 695 sententia,
1329 646 1364 686 si
1401 646 1464 687 sic
1497 646 1723 701 legemus:

57 735 67 757 1
125 722 290 776 „etiam
331 735 449 776 quae
489 721 738 776 longinqua
781 737 937 765 secura
979 724 1281 775 crediderant,
1327 725 1371 766 in
1415 726 1578 767 eodem
1619 740 1724 768 casu

121 801 453 857 reperiebant.”
488 786 649 856 Ne'que
683 802 800 844 male
833 817 916 857 pro
947 818 1104 845 secura
1138 804 1199 845 ibi
1228 813 1338 855 tuta,
1368 806 1547 861 integra
1575 807 1722 847 simm.

44 871 56 910 ³?
121 895 357 939 ponemus,
391 883 530 924 modo
562 882 646 924 hac
680 883 855 924 ratione
888 883 1038 925 locum
1072 884 1350 939 expleamus.

181 1043 234 1085 In
262 1043 519 1085 narratione
547 1044 604 1085 de
632 1044 795 1085 eodem
825 1044 1036 1085 incendio
1064 1034 1200 1098 porro
1227 1044 1391 1099 legitur
1408 1045 1483 1099 (A.
1504 1045 1608 1095 XV,
1625 1046 1720 1100 40):

186 1123 354 1178 „Sexto
386 1124 572 1165 demum
605 1125 679 1165 die
712 1125 833 1178 apud
864 1125 977 1166 imas
1010 1125 1237 1179 Esquilias
1264 1125 1364 1166 finis
1393 1126 1605 1167 incendio
1634 1125 1722 1166 fac—

119 1209 204 1255 tus,
239 1205 436 1260 prorutis
470 1218 551 1259 per
578 1204 849 1245 immensum
877 1204 1108 1254 aedificiis,
1139 1210 1187 1246 ut
1217 1205 1460 1246 continuae
1480 1205 1723 1247 violentiae

119 1297 308 1340 campus
350 1289 396 1325 et
439 1284 563 1325 velut
606 1297 800 1325 vacuum
845 1284 1019 1326 caelum
1064 1290 1335 1327 occurreret.
1384 1285 1583 1327 Necdum
1610 1287 1724 1341 ‘post

119 1374 274 1410 metus*
289 1375 370 1410 aut
399 1368 598 1410 rediebat
628 1349 732 1410 leZts
870 1382 1055 1410 rursum
1084 1377 1327 1424 grassatus
1360 1369 1522 1424 ignis.’'

132 1470 137 1474 ·
180 1448 308 1490 Haec
351 1448 594 1489 verborum
637 1449 800 1490 rudera
836 1454 941 1489 sunt
973 1449 1018 1489 in
1052 1449 1225 1490 codice.
1260 1449 1394 1490 Haud
1430 1449 1568 1490 dubie
1599 1454 1722 1490 recte

119 1529 318 1584 reposita
345 1529 436 1570 iam
462 1533 567 1569 sunt
596 1527 786 1569 haecce:
821 1528 1042 1581 „necdum
1072 1528 1222 1583 posito
1252 1534 1375 1570 metu
1404 1529 1583 1570 redibat
1600 1529 1721 1570 haud

118 1594 304 1660 levius’'’‚
348 1622 541 1663 quorum
585 1614 762 1663 partem
806 1608 1030 1662 praebent
1068 1608 1384 1662 „deteriores”‚
1420 1623 1524 1663 pars
1557 1623 1583 1650 a
1618 1610 1723 1650 viris

118 1690 267 1733 doctis
313 1694 382 1731 est
428 1689 628 1730 inventa.
687 1689 802 1729 Tum
854 1702 939 1743 ego
983 1702 1067 1743 pro
1104 1697 1348 1744 grassatus
1389 1688 1540 1743 legere
1584 1689 1720 1730 velim

113 1778 430 1826 grassaturus,
462 1775 512 1811 ut
544 1774 642 1811 tota
675 1770 903 1810 sententia
936 1768 1037 1810 fiat:

183 1850 419 1904 „Necdum
459 1850 610 1904 posito
644 1854 768 1890 metu
802 1849 979 1890 redibat
1012 1849 1133 1890 haud
1167 1848 1309 1890 levius
1342 1862 1517 1890 rursum
1549 1863 1721 1903 grassa·

117 1936 244 1984 turus
275 1929 436 1985 ignis.’'

179 2011 375 2065 Egregie
403 2023 522 2051 nunc
549 2009 705 2064 paucis
730 2009 878 2050 verbis
896 2008 1298 2063 comprehenditur
1315 2009 1438 2062 quod
1457 2009 1563 2050 dein
1582 2009 1720 2051 fusius

25 2123 29 2129 .
53 2143 55 2146 Ι
117 2095 369 2132 enarratur:
405 2091 577 2144 „minor
604 2089 790 2144 quidem
813 2089 992 2143 peribat
1009 2088 1245 2130 hominum
1264 2102 1475 2130 numerus
1493 2089 1572 2130 sed
1592 2089 1721 2143 plura

117 2171 325 2214 aedificia
359 2185 524 2225 magna
556 2170 707 2212 deleta
740 2169 888 2211 sunt.'’

177 2331 236 2373 A.
268 2331 370 2381 XV,
406 2340 475 2385 55.
509 2331 741 2374 Indicatus
773 2345 799 2372 a
831 2330 996 2371 liberto
1028 2342 1109 2370 suo
1145 2329 1331 2370 Milicho
1364 2328 1611 2373 Scaevinus
1644 2346 1718 2373 va-

118 2413 192 2454 riis
233 2412 381 2453 modis
414 2411 611 2465 singulas
645 2424 728 2461 res,
762 2410 926 2464 quibus
959 2409 1018 2450 ab
1051 2409 1128 2450 illo
1162 2409 1205 2450 in
1239 2410 1545 2464 suspicionem
1577 2412 1718 2453 addu-

115 2493 232 2534 citur
259 2498 494 2546 tamquam
522 2505 686 2533 arcana
714 2491 940 2545 quaedam
969 2495 1014 2530 et
1032 2489 1209 2530 funesta
1228 2489 1502 2544 reipublicae
1524 2490 1718 2541 molitus,

108 2554 345 2627 'explicare
378 2578 424 2614 et
455 2571 701 2613 defendere
734 2571 909 2612 studet:

181 2653 426 2706 „Pecunias
458 2658 504 2694 et
535 2652 769 2693 libertates
802 2651 942 2692 servis
971 2655 1016 2691 et
1043 2655 1149 2690 ante
1179 2650 1301 2691 dono
1331 2651 1472 2700 datas,
1504 2652 1583 2692 sed
1613 2651 1718 2692 ideo

115 2738 223 2774 tunc
256 2732 436 2787 largius,
470 2733 576 2787 quia
607 2732 732 2773 tenui
766 2732 855 2772 iam
889 2744 935 2771 re
963 2730 1170 2771 familiari
1199 2736 1245 2771 et
1272 2731 1547 2772 instantibus
1576 2732 1718 2773 credi—

115 2813 290 2856 toribus
306 2818 584 2854 testamento
602 2813 842 2853 diffideret.
873 2811 1121 2851 Enimvero
1139 2810 1348 2851 liberales
1365 2824 1543 2865 semper
1562 2811 1718 2866 epulas

115 2894 330 2936 struxisse
368 2894 594 2936 diffideret
627 2893 747 2934 enim
781 2905 890 2933 vero
924 2891 1064 2932 vitam
1097 2897 1339 2932 amoenam
1373 2897 1418 2932 et
1451 2892 1573 2933 duris
1605 2892 1719 2952 iudi·

116 2974 244 3016 cibus
276 2988 435 3029 parum
470 2972 755 3028 probatam.'’

1532 3060 1572 3095 17
