2040 3412
1112 296 1172 348 64

380 416 613 459 Incautum
656 415 774 457 illud
810 429 968 471 agmen
1011 415 1322 457 Romanorum
1364 420 1432 457 est
1474 415 1638 473 quibus
1677 414 1768 458 fide
1807 402 1950 468 d

321 494 475 536 Civilis
517 494 766 559 incolumes
805 495 930 536 abire
973 508 997 536 e
1035 495 1205 544 castris,
1243 508 1360 549 quae
1397 495 1488 536 iam
1521 494 1638 536 ultra
1669 478 1926 537 defende

321 580 566 628 nequeunt,
617 557 853 629 permittit.
902 574 989 616 Hic
1031 580 1180 616 totum
1221 574 1355 616 illud:
1397 582 1601 629 querente
1638 587 1744 616 sane
1778 557 1934 635 'sn-{14

320 654 596 710 adfirmatur
637 654 830 695 Haasius
873 659 978 709 post
1017 655 1169 696 hauszt
1210 654 1352 708 ponit.
1390 654 1635 708 Nunquam
1666 653 1888 709 quidqu
1879 651 1918 684 '³‘

321 734 413 775 vidi
463 735 739 788 perversius;
782 734 1047 788 simulatque
1089 734 1340 776 Germanos
1381 739 1540 776 contra
1583 733 1720 775 fidem
1761 733 1889 776 datr,
1900 717 1935 734 3

321 813 539 855 facientes
586 814 809 869 conspicit
851 814 1005 856 Civilis
1048 815 1174 869 queri
1217 814 1390 869 incipit,
1433 815 1528 855 sive
1569 813 1804 856 simulatus
1839 812 1856 823 ‘⁸
1888 827 1892 836 ’
1920 818 1929 835 ³

322 893 452 935 dolor
494 899 575 943 est,
620 894 714 935 sive
756 907 914 935 revera
954 894 1100 935 invito
1142 894 1241 948 ipso
1283 894 1491 935 saeviunt
1534 892 1762 936 Germani.
1800 878 1904 936 1113

323 987 430 1015 vero
463 973 572 1027 quid
605 973 690 1014 sibi
723 973 952 1023 voluisset,
984 974 1020 1014 si
1047 979 1145 1015 tum
1172 974 1356 1015 demum
1384 973 1444 1015 ob
1472 972 1710 1028 perfidiam
1734 984 1819 1015 suo
1868 957 1959 1027 me]

321 1053 596 1094 lamentatus
628 1058 745 1094 esset
778 1052 946 1102 Civilis,
979 1067 1081 1094 cum
1109 1058 1156 1095 et
1182 1059 1329 1094 castra
1355 1058 1402 1095 et
1429 1053 1595 1103 cuncti,
1622 1052 1700 1107 qui
1727 1051 1923 1125 iactans*
1903 1033 1926 1052 ς

324 1132 519 1173 Romani
547 1130 849 1173 interiissent?
877 1132 994 1174 Tum
1022 1133 1206 1174 demum
1231 1133 1267 1174 si
1285 1132 1490 1174 dolorem
1503 1133 1712 1189 fingeret,
1730 1129 1914 1189 quina&

324 1226 378 1254 eo
421 1218 550 1254 erant
592 1212 872 1266 decipiendi;
917 1212 952 1253 si
988 1226 1122 1254 verus
1152 1212 1235 1253 fuit
1268 1211 1410 1262 dolor,
1444 1213 1553 1267 quid
1586 1211 1782 1254 faciebat
1813 1223 1840 1254 c
1884 1214 1949 1269 ⁸

324 1292 496 1347 perfide
545 1305 679 1346 agere
726 1291 1007 1346 incipiebant
1050 1289 1292 1334 Germani?
1333 1291 1578 1334 Tacitusne
1619 1289 1902 1335 adstabat?

323 1371 602 1414 horrendum
633 1371 805 1413 facinus
837 1371 1234 1426 contemplabatur
1265 1370 1473 1426 quietus?
1645 1419 1648 1423 .
1866 1367 1931 1423 s

386 1451 444 1493 H.
489 1451 546 1501 V,
598 1462 661 1507 17.
706 1450 848 1506 (Ante
895 1451 1116 1506 proelium
1163 1451 1318 1493 Civilis
1360 1451 1614 1494 orationem
1656 1452 1714 1495 ad
1755 1450 1946 1506 ιῐιὶ11χ54

326 1531 465 1573 habet
498 1537 545 1572 et
576 1531 664 1572 alia
695 1532 949 1572 admonens
982 1537 1029 1573 et
1059 1531 1211 1584 haec):

386 1611 455 1652 Ne
497 1616 772 1652 terrerentur
816 1611 940 1653 vario
982 1610 1201 1658 Trevirici
1246 1612 1404 1666 proelii
1447 1617 1639 1654 eventu.
1670 1623 1801 1655 suam
1830 1596 1931 1682 3114?
1930 1589 1954 1604 33

323 1691 557 1733 victoriam
586 1690 823 1732 Germanis
851 1690 1094 1740 obstitisse,
1122 1691 1231 1733 dum
1257 1691 1433 1733 omissis
1455 1691 1557 1733 telis
1574 1691 1745 1746 praeda
1761 1703 1920 1759 man

323 1770 580 1825 impediunt
608 1802 768 1811 ......
798 1770 929 1812 Illum
957 1771 1077 1812 diem
1100 1776 1179 1812 aut
1193 1771 1567 1826 gloriosissimum
1590 1772 1708 1814 inter
1727 1784 1837 1814 ma

323 1855 403 1891 aut
435 1850 786 1904 ignominiosum
819 1850 940 1904 apud
975 1855 1181 1904 posteros
1214 1850 1323 1892 fore.
1359 1884 1364 1888 .
1724 1836 1726 1838 ’
1897 1832 1960 1907 ἦ,

393 1930 479 1971 Pro
531 1930 766 1972 victoriam
819 1929 1053 1972 Acidalius
1103 1931 1362 1981 avaritiam,
1411 1930 1652 1973 Herbstius
1697 1922 1966 1977 incuriam*

329 2015 676 2064 proposuerunt.
715 2009 942 2063 Equidem
975 2008 1210 2052 flosculum
1242 2024 1348 2052 vere
1381 2010 1618 2052 Taciteum
1649 2009 1843 2053 servand
1888 1998 1934 2047 ια’
1949 2001 1959 2007 “

328 2102 505 2130 censeo.
534 2087 669 2142 Quod
698 2090 755 2130 ad
778 2088 1151 2144 gloriosissimum
1178 2090 1295 2132 inter
1316 2090 1506 2132 maiores
1525 2091 1704 2140 attinet,
1721 2091 1960 2149 agnosce

328 2169 400 2209 hic
436 2169 693 2209 liberiorem
725 2168 849 2209 illum
882 2168 1144 2222 superlativi
1176 2183 1320 2218 usum,
1353 2183 1378 2210 e
1412 2169 1596 2211 Graecis
1625 2169 1926 2225 scriptorib

327 2253 422 2289 tam
453 2248 570 2289 bene
603 2253 762 2289 notum
795 2246 828 2302 (ὅ
860 2245 1025 2299 ἄριστος
1057 2250 1136 2291 τῶν
1170 2246 1358 2301 πρότερον
1386 2249 1459 2291 vel
1484 2252 1563 2291 τῶν
1590 2248 1795 2306 min-oreb
1833 2249 1900 2286 .·.„
1959 2301 1964 2303 b

327 2328 563 2382 gloriosior
595 2341 735 2382 quam,
763 2327 880 2369 ullus
911 2328 1132 2370 maiorum
1159 2334 1415 2371 nostrorum
1442 2335 1650 2384 tempore
1676 2328 1773 2372 fuit.
1808 2333 1832 2367 Ο

328 2409 475 2449 minus
509 2409 626 2450 inter
659 2409 849 2450 maiores
880 2407 1112 2449 deleamus
1143 2409 1295 2451 obstat
1328 2410 1548 2464 positivus
1578 2404 1911 2468 ignomiuioffl3

327 2501 417 2529 non
461 2489 581 2530 enim
624 2494 747 2530 recte
789 2489 901 2530 haec
943 2489 1060 2530 inter
1100 2503 1149 2530 se
1191 2490 1344 2532 iuncta
1377 2491 1610 2532 videntur:
1643 2498 1726 2534 aut
1749 2486 1922 2551 glori-'63

326 2568 548 2609 sissimum
573 2576 654 2609 aut
673 2569 1009 2623 ignominiosum
1033 2569 1158 2623 apud
1175 2570 1378 2611 maiores.
1403 2570 1444 2610 N
1448 2569 1792 2624 ipperdeianum
1809 2571 1981 2631 ι,

328 2647 373 2687 in
405 2647 597 2688 maiores
627 2660 710 2701 pro
743 2647 860 2689 inter
885 2647 1075 2688 maiores
1100 2648 1209 2701 quid
1236 2648 1321 2689 sibi
1351 2647 1459 2689 velit
1487 2662 1668 2703 prorsus
1693 2661 1767 2690 me

388 2725 510 2767 Ann.
545 2727 626 2776 IV,
663 2736 682 2780 5
720 2727 781 2781 (in
825 2727 1165 2768 enumeratione
1207 2728 1439 2782 copiarum
1481 2728 1645 2782 quibus
1679 2728 1802 2783 impe
1828 2727 1859 2760 ἰ

330 2805 588 2847 Romanum
620 2806 798 2860 utitur):

390 2884 529 2938 Apud
557 2886 721 2926 idonea
750 2885 1083 2940 provinciarum
1109 2886 1259 2928 sociae
1286 2887 1491 2928 triremes
1514 2887 1703 2941 alaeque
1726 2891 1774 2929 et
1795 2882 1969 2942 auffl

329 2963 387 3004 lia
420 2964 688 3014 cohortium,
721 2978 869 3018 neque
902 2964 1045 3006 multo
1076 2977 1204 3006 secus
1237 2966 1281 3006 in
1313 2966 1366 3006 iis
1398 2967 1572 3015 virium,
1601 2966 1680 3007 sed
1709 2979 1803 3020 pe
