2040 3412
907 265 959 311 57

44 365 46 367 .
121 382 268 420 tutem
301 390 379 418 eos
411 376 686 426 retrahendi,
720 375 843 417 Nero
877 377 995 418 inter
1026 389 1196 430 paucos
1222 376 1331 430 quid
1360 376 1591 418 videretur
1619 389 1724 417 con-

119 456 318 500 sultavit.
354 457 531 499 Horum
562 470 677 498 unus
709 462 756 498 et
788 456 902 498 alter
934 456 1070 511 paulo
1104 456 1303 497 severior
1335 455 1603 510 clamabat:)

100 564 106 566 -
177 538 470 581 tribuendum
497 537 681 592 aliquod
709 537 865 587 telum,
894 537 1018 591 quod
1046 537 1197 591 sperni
1226 542 1437 591 nequeat.
1467 537 1564 578 Nec
1586 550 1724 591 grave

119 619 408 663 manumissis
431 632 511 674 per
534 618 657 660 idem
678 618 948 672 obsequium
967 617 1191 658 retinendi
1210 616 1482 666 libertatem,
1503 631 1583 671 per
1600 618 1724 671 quod

119 700 324 743 adsecuti
366 699 480 741 sint:
521 704 569 740 at
602 698 841 740 criminum
874 697 1138 739 manifestos
1172 697 1334 738 merito
1366 697 1424 738 ad
1457 698 1725 738 servitutem

28 771 63 828 4³}
119 780 302 831 retrahi,
336 785 385 822 ut
418 785 542 821 metu
575 784 886 828 coerceantur,
919 791 1034 832 quos
1061 777 1285 819 beneficia
1312 791 1394 818 non
1423 777 1724 819 mutavissent.

26 913 34 918 ..
180 859 255 904 Sic
298 860 548 910 Mediceus,
593 872 855 914 perperam:
900 872 992 899 non
1036 858 1158 899 enim
1190 857 1302 899 mali
1332 858 1450 898 servi
1484 857 1726 898 manumit-

119 945 277 984 tuntur
314 945 364 982 ut
399 939 608 981 meliores
641 939 765 989 fiant,
799 939 880 980 sed
914 939 1076 993 optimi
1109 937 1430 987 tantummodo
1466 937 1588 991 („qui
1621 942 1726 978 sunt

117 1019 293 1064 liberali
325 1019 570 1075 ingenio”),
603 1033 684 1074 spe
717 1020 761 1060 in
795 1024 1067 1074 perpetuum
1101 1018 1214 1059 tales
1247 1031 1325 1059 eos
1356 1017 1543 1058 futuros
1578 1016 1725 1058 Multo

30 1099 40 1116 ³⁷
119 1115 229 1158 ergo
273 1102 438 1144 rectius
479 1093 889 1150 commutavissent„
920 1100 1043 1154 quod
1086 1100 1226 1141 suasit
1270 1099 1528 1153 Madvigius
1571 1103 1616 1139 et
1656 1131 1665 1139 .
1685 1130 1695 1139 .
1716 1130 1726 1140 .

119 1181 343 1239 praebent
380 1180 696 1236 „deteriores”.
732 1180 945 1236 (Utrique
977 1186 1132 1221 tamen
1165 1179 1350 1221 lectioni
1385 1178 1571 1221 forsitan
1600 1192 1727 1233 prae-

118 1267 210 1305 stet
241 1261 438 1316 simplex
468 1261 788 1315 mutavissent).

179 1341 304 1386 Ann.
353 1342 482 1393 XIII,
530 1343 603 1395 48.
652 1341 855 1383 Auditae
906 1340 1258 1382 Puteolanorum
1307 1339 1571 1394 legationes,
1616 1352 1728 1393 quas

121 1423 323 1466 diversas
355 1423 464 1465 ordo
488 1423 614 1478 plebs
644 1423 702 1464 ad
735 1427 945 1464 senatum
978 1422 1207 1462 miserant.

180 1504 268 1547 Pro
295 1505 521 1559 asyndeto
548 1504 657 1546 ordo
676 1503 813 1559 plebs,
844 1503 968 1557 quod
994 1508 1116 1543 certe
1141 1501 1272 1543 huius
1289 1501 1377 1543 loci
1394 1515 1485 1542 non
1504 1507 1586 1550 est,
1605 1505 1728 1542 recte

125 1584 268 1627 altera
287 1584 485 1626 Medicei
503 1598 663 1625 manus
681 1589 727 1625 et
740 1583 926 1638 quidam
939 1583 1192 1624 inferiores:
1211 1582 1320 1623 ordo
1328 1582 1534 1637 plebsque
1545 1581 1735 1622 habent.

185 1664 310 1707 Ann.
344 1664 449 1715 XV,
485 1674 553 1719 59.
588 1663 681 1719 (Ad
708 1663 824 1705 forte
853 1663 1025 1708 facinus
1048 1663 1265 1724 ¹Pisonem
1293 1663 1403 1703 socii
1432 1662 1733 1704 adhortantur

126 1751 172 1788 et
204 1745 303 1788 aliis
335 1745 614 1800 argumentis
646 1750 693 1786 et
726 1744 852 1799 hoc):

184 1825 373 1868 Frustra
414 1825 643 1867 silentium
688 1830 734 1866 et
777 1825 916 1866 fidem
960 1825 1005 1866 in
1047 1830 1118 1866 tot
1162 1824 1448 1866 consciorum
1491 1823 1653 1865 animis
1686 1829 1732 1864 et

121 1906 390 1962 corporibus
419 1913 627 1961 sperare:
657 1906 874 1947 cruciatui
903 1911 981 1947 aut
1011 1905 1214 1959 praemio
1242 1910 1406 1946 cuncta
1435 1905 1591 1959 pervia
1619 1917 1729 1945 esse.

184 1987 331 2030 Unice
364 2000 522 2028 verum
555 1987 736 2028 videtur
768 1986 892 2040 quod
927 1986 1176 2027 deteriores
1209 1985 1403 2026 habent:
1437 1985 1630 2039 sperari.

184 2067 244 2112 H.
279 2068 336 2118 ΙΙ,
374 2079 441 2123 37.
476 2067 628 2123 (Quod
661 2068 827 2109 attinet
859 2068 917 2108 ad
951 2067 996 2108 id
1031 2067 1155 2121 quod
1191 2065 1394 2107 nonnulli
1427 2066 1626 2115 tradunt,
1657 2078 1730 2106 co·

123 2148 291 2203 gitasse
325 2148 500 2190 Vitellii
533 2154 580 2189 et
611 2147 809 2190 Othonis
838 2147 1003 2188 milites
1032 2147 1089 2189 de
1116 2147 1252 2188 armis
1280 2146 1505 2201 ponendis
1533 2151 1579 2187 et
1607 2145 1730 2187 bono

126 2227 279 2283 aliquo
313 2229 588 2283 imperatore
621 2228 847 2282 eligendo,
881 2227 991 2269 mihi
1026 2226 1242 2268 credibile
1275 2240 1366 2267 non
1400 2226 1620 2279 videtur:)

184 2308 361 2363 legatos
392 2322 445 2350 ac
478 2309 631 2359 duces,
665 2322 830 2363 magna
858 2322 915 2349 ex
943 2313 1072 2362 parte
1098 2306 1230 2348 luxus
1263 2307 1478 2361 egestatis
1509 2305 1730 2347 scelerum

125 2388 211 2431 sibi
253 2390 473 2439 conscios,
512 2389 596 2430 nisi
630 2388 855 2444 pollutum
888 2388 1250 2442 obstrictumque
1283 2387 1456 2429 meritis
1487 2387 1577 2428 suis
1610 2387 1730 2441 prin-

39 2488 46 2496 ·
125 2469 275 2524 cipem
308 2482 533 2524 passuros.
880 2528 882 2530 V

186 2549 359 2604 Utique
391 2563 494 2591 cum
533 2548 889 2603 „deterioribus”
924 2548 1167 2603 legendum
1202 2548 1410 2590 moribus.
1445 2546 1730 2589 Obstricturn

125 2629 247 2671 enim
284 2630 458 2672 meritis
488 2630 583 2672 suis
614 2630 868 2684 principem
902 2629 1039 2670 etiam
1073 2628 1144 2669 vel
1178 2628 1340 2682 optimi
1373 2628 1457 2669 sibi
1492 2633 1730 2682 expetunt,

125 2714 174 2751 at
209 2710 406 2752 moribus
437 2711 527 2751 suis
559 2710 831 2751 obstrictum
866 2709 1118 2763 principem
1153 2707 1268 2749 velle
1302 2707 1524 2749 malorum
1557 2713 1639 2749 est.

189 2791 248 2832 H.
282 2791 340 2841 ΙΙ,
377 2800 396 2845 5
408 2780 444 2845 3'.
479 2791 640 2832 Novae
673 2790 943 2831 narrationis
975 2789 1038 2830 sic
1071 2789 1121 2830 fit
1154 2789 1356 2830 initium:

190 2871 406 2913 Notabile
448 2871 701 2926 virgenz'um
745 2870 828 2911 fuit
871 2883 962 2924 quo
1003 2869 1204 2910 Licinius
1236 2868 1432 2911 Caecina
1465 2867 1733 2910 Marcellum

130 2951 320 3006 Eprium
350 2957 400 2993 ut
431 2951 646 3006 ambigua
678 2950 978 2992 disserentem
1011 2949 1189 2991 invasit.
