2040 3412
1113 277 1195 321 170

358 387 482 440 quod
514 400 656 440 genus
689 387 923 428 hominum
956 401 1136 441 semper
1167 388 1365 441 optimus
1397 387 1587 440 quisque
1614 386 1824 441 princeps
1849 387 1982 443 gra-

357 466 550 507 vissimis
597 465 746 507 affecit
796 466 967 520 poenis.
1017 466 1076 507 Et
1123 467 1246 520 quod
1288 480 1405 516 eum,
1448 464 1720 520 quocunque
1761 462 1980 509 tandem?

356 546 507 595 modo,
552 546 610 586 ad
653 545 983 593 confessionem
1026 545 1344 600 compellebat,
1388 546 1498 587 nihil
1529 545 1602 587 ille
1635 542 2004 597 οοηῆῒεδεῑῑυτ,ζῗε

358 626 481 679 quod
527 638 681 666 verum
724 639 811 666 non
848 631 980 667 esset.
1014 625 1104 668 Sed
1138 626 1225 668 hoc
1257 639 1377 667 nunc
1409 626 1556 667 mitto.
1590 626 1642 667 In
1675 626 1772 680 ipsa
1803 625 1999 684 Taciti„

360 704 500 746 verba
541 705 700 746 vitium
744 706 973 760 irrepsisse
1016 706 1190 760 opinor.
1225 705 1308 746 Est
1340 705 1460 746 enim
1492 705 1617 747 locus
1648 705 1871 747 eiusmodi
1901 689 2011 763 ut&3

356 791 675 828 enumerentur
717 791 1021 840 notenturque
1063 799 1361 840 quaecunque
1402 785 1558 826 fecerit
1599 785 1696 840 ipse
1727 785 1948 836 Tiberius,

355 880 446 907 non
490 880 605 920 quae
647 866 734 908 alii.
779 866 901 920 Ergo
944 879 1026 920 pro
1068 866 1261 907 dabatur
1299 865 1542 919 legendum
1586 877 1750 906 censeo
1789 863 1951 909 dabatz
1984 845 2018 924 ζ

355 953 448 988 tam
476 952 605 988 erant
633 946 817 988 crebrae
845 944 1014 988 Tiberii
1043 946 1314 1000 rogationes,
1344 950 1393 986 ut
1420 945 1724 999 respondendi
1749 938 2018 1000 spatium-<251

355 1041 432 1068 reo
470 1040 560 1068 non
592 1032 723 1068 esset.
757 1026 910 1068 Etiam
942 1031 1129 1080 propter
1160 1039 1354 1080 sequens
1385 1025 1669 1080 quaesivisset
1698 1024 1990 1071 necessariav*

357 1108 536 1149 videtur
576 1112 729 1148 nostra
772 1106 1045 1148 emendatio.
1095 1105 1418 1148 Gravissimum
1461 1118 1569 1147 vero
1610 1104 1696 1146 hoc
1738 1100 1980 1159 quod,s1i

356 1188 551 1230 dabatur
578 1179 809 1237 retinetur,
839 1187 1000 1228 frustra
1028 1186 1127 1240 quis
1152 1199 1243 1240 quo
1262 1186 1399 1227 modo
1417 1185 1540 1226 illam
1559 1184 1713 1228 Silano
1731 1156 2006 1246 ademeritss

355 1267 616 1309 facultatem
644 1267 914 1321 quaerimus.
944 1267 1213 1307 Formarum
1242 1265 1397 1320 quales
1421 1270 1525 1307 sunt
1545 1265 1683 1307 dabat
1696 1269 1742 1307 et
1757 1256 1981 1307 dabatur

355 1353 576 1402 perpetua
618 1353 686 1388 est
729 1347 774 1388 in
817 1346 1050 1388 codicibus
1087 1338 1304 1387 confusio.
1339 1345 1399 1386 Et
1431 1359 1488 1386 ne
1522 1345 1703 1387 dubites
1733 1345 1843 1399 quin
1875 1357 1953 1387 ne·

357 1428 550 1470 cessaria
591 1428 852 1469 emendatio
889 1427 970 1476 sit,
1003 1427 1155 1481 aspice
1187 1439 1303 1479 quae
1336 1425 1553 1467 continuo
1584 1429 1855 1479 sequuntur:
1897 1346 2019 1470 aest}

353 1521 489 1562 saepe
517 1508 655 1549 etiam
683 1507 992 1549 confitendum
1020 1511 1117 1548 erat
1144 1520 1200 1547 ne
1227 1505 1390 1547 frustra
1416 1504 1750 1559 quaesivisset”:
1780 1505 1844 1559 „si-
1858 1505 1951 1548 iam

352 1588 503 1642 aliqua
530 1588 735 1642 quaestio
764 1588 826 1629 ita
854 1601 880 1628 a
905 1586 1090 1628 Tiberio
1117 1585 1437 1627 enuntiabatur
1464 1590 1513 1626 ut
1530 1585 1743 1627 eludendi
1761 1583 1954 1627 facultas
1975 1577 2018 1636 :J

353 1669 579 1722 quaedam
621 1672 751 1717 esset,
797 1668 860 1708 uti
893 1672 1046 1708 tamen
1080 1666 1154 1707 illa
1186 1679 1286 1707 reus
1318 1679 1408 1706 non
1443 1670 1636 1719 poterat,
1670 1664 1779 1719 quin
1810 1687 1869 1695 ——-
1900 1662 1947 1705 id

355 1749 478 1803 quod
508 1748 703 1789 maxime
731 1747 967 1789 vitandum
994 1771 1052 1777 —
1081 1746 1317 1787 ridiculum
1344 1745 1556 1788 redderet
1576 1745 1947 1799 interrogantem.

441 1908 499 1950 A.
534 1909 614 1958 IV,
649 1909 689 1949 6.
725 1908 898 1948 Primos
930 1906 1100 1948 Tiberii
1132 1919 1276 1947 annos
1307 1910 1353 1946 et
1385 1904 1482 1946 aliis
1508 1903 1766 1945 nominibus
1792 1883 2024 1967 laudati

352 1989 538 2030 Tacitus
570 1994 616 2029 et
648 1988 733 2029 hoc
767 1988 918 2041 quod:
1984 1972 2011 2043 J

417 2068 695 2122 „Mandabat
753 2068 948 2108 honores
1005 2065 1290 2108 nobilitatem
1348 2065 1582 2114 maiorum,
1631 2063 1947 2106 claritudinem

353 2149 550 2198 militiae,
606 2148 797 2189 illustres
840 2147 963 2187 domi
1007 2151 1125 2187 artes
1168 2145 1433 2199 spectandO,
1483 2149 1532 2186 ut
1573 2144 1681 2186 satis
1719 2134 2009 2187 constaret

352 2243 442 2270 non
476 2229 587 2270 alios
618 2228 820 2282 potiores
851 2225 1029 2268 fuisse.”
1957 2206 1995 2229 ”

413 2309 587 2351 Ultima
619 2322 709 2349 non
742 2306 964 2360 intelligo;
998 2304 1297 2359 intelligerem
1329 2304 1420 2345 vel:
1450 2312 1500 2346 ut
1523 2311 1683 2345 constet
1708 2335 1718 2344 .
1738 2334 1747 2343 .
1767 2334 1778 2344 .
1795 2286 1997 2360 fuiss&

353 2389 423 2430 vel
466 2397 516 2431 ut
555 2395 775 2430 constaret
806 2420 815 2428 .
836 2419 875 2427 ..
908 2385 1009 2428 esse.
1044 2384 1174 2439 'Quid
1218 2385 1338 2425 enim
1372 2384 1434 2425 rei
1467 2382 1564 2425 est?
1596 2382 1868 2425 Coniunctio
1898 2371 2005 2443 τιέξἱ

353 2468 426 2509 hic
468 2482 559 2509 non
600 2467 739 2509 habet
778 2467 869 2507 vim
906 2466 1105 2507 Graecae
1137 2462 1216 2514 ἵνα,
1250 2465 1329 2504 sed
1362 2464 1484 2505 idem
1516 2463 1637 2504 valet
1669 2463 1793 2516 quod
1824 2457 1944 2503 were.

353 2547 458 2588 Non
490 2547 596 2588 licet
628 2546 774 2587 Taciti
809 2546 948 2587 verba
980 2545 1043 2586 sic
1076 2543 1362 2597 interpretari
1395 2548 1445 2584 ut
1477 2543 1548 2596 hic
1577 2542 1743 2583 evadat
1768 2550 1963 2585 sensus}
1966 2536 2002 2601 Ξ]

356 2627 467 2679 „hoc
509 2627 717 2668 Tiberius
760 2625 998 2680 spectabat
1042 2629 1091 2665 ut
1128 2623 1339 2677 aequales
1370 2622 1536 2663 scirent
1569 2621 1715 2663 nullos
1747 2602 1995 2678 potiores}

350 2707 496 2756 fuisse,
541 2706 704 2760 quibus
745 2706 941 2747 honores
984 2702 1249 2745 mandaret’'
1254 2721 1263 2752 ;
1304 2716 1407 2743 nam
1440 2703 1475 2742 si
1510 2702 1609 2755 quis
1640 2701 1703 2742 ita
1735 2695 2010 2752 verteretff

349 2801 438 2827 uno
481 2787 704 2828 vocabulo
745 2787 857 2828 satis
897 2799 1000 2826 eum
1042 2784 1171 2826 facile
1215 2784 1375 2825 erroris
1417 2782 1800 2824 convinceremus.
1844 2778 1890 2822 H

351 2867 472 2906 enim
500 2879 602 2906 cum
630 2866 856 2907 addiderit
884 2865 1080 2913 Tacitus,
1112 2864 1278 2904 diserte
1307 2862 1507 2904 declarat
1533 2875 1581 2902 se
1602 2874 1728 2902 suam
1747 2859 1874 2914 profe

352 2945 626 2998 opinionem,
661 2946 718 2986 ad
751 2958 887 2998 quam
915 2949 1018 2998 post
1046 2926 1242 2997 aliquam
1271 2942 1645 2984 deliberationem
1673 2952 1870 2995 pervene
