2040 3412
1054 236 1059 239 Δ
1090 240 1168 281 1'68

333 361 445 401 civis
491 367 656 410 noster,
700 374 791 401 vox
825 361 1096 414 paenitentia
1138 360 1296 402 ultima
1338 361 1521 414 quidem
1556 365 1624 401 est
1655 359 1814 409 lineae,
1845 349 1970 406 sed}

335 454 425 481 non
459 441 516 481 ad
550 440 686 481 finem
720 440 865 481 lineae
899 440 1141 493 percurrit:
1175 441 1377 494 sequitur
1409 441 1528 481 enirn
1560 440 1733 490 lacuna,
1765 440 1811 482 in
1838 447 1973 494 qua

333 520 553 560 evanidae
581 519 805 572 quaedam
833 519 971 560 etiam
999 533 1117 560 nunc
1145 520 1483 574 conspiciuntur
1508 519 1677 561 literae.
1702 519 1955 574 Equidem'·=-

334 600 396 640 ibi
442 599 549 640 mihi
584 599 775 654 propior
818 598 889 640 vel
924 599 1117 653 pronior
1159 613 1403 653 agnoscere
1446 600 1616 649 videor,
1658 599 1737 640 sed
1779 583 1933 644 literas

325 688 360 735 p
396 685 441 720 et
473 695 495 721 0
527 692 746 733 apparere
790 680 928 721 etiarn
962 693 1095 721 nemo
1129 680 1327 734 negabit.
1362 679 1518 733 Atque
1550 679 1767 722 alterutro
1800 691 1933 721 voca·
1979 706 2012 733 .·..:‡

336 760 443 801 bulo
492 760 679 801 lacunae
722 760 919 813 spatium
965 759 1056 801 fere
1101 760 1325 814 impletur.
1370 759 1559 814 Scripsit
1601 773 1710 814 ergo
1747 759 1934 808 Tacitus

329 840 625 895 paenitentiae
656 840 847 894 propior
890 839 977 894 (vel
1011 840 1232 894 pronior),
1275 840 1354 881 sed
1393 828 1469 894 qui
1502 840 1707 881 codicem
1738 838 1932 894 scripsit,

339 918 410 960 vel
447 919 717 960 substantivi
742 919 1015 974 paenitentia
1045 933 1183 969 sono‚·
1207 919 1276 960 vel
1309 919 1394 960 alia
1427 932 1560 961 causa
1592 918 1755 974 aliqua,
1789 918 1834 960 in
1866 931 1933 960 er·
1962 914 1964 916 ’
2009 947 2016 963 2

339 1012 486 1039 rorem
514 999 726 1039 inductus
752 1012 918 1040 novam
946 998 1111 1039 lineam
1139 998 1196 1040 ab
1223 999 1451 1040 adiectivo
1465 999 1641 1054 patiens
1657 998 1939 1040 ordiebatur-³
1981 1041 1985 1044 ,

341 1078 533 1127 Deinde,
577 1083 699 1119 ratus
733 1078 1006 1132 paenitentia
1040 1079 1218 1132 patiens
1259 1078 1459 1120 sincerae
1503 1078 1764 1120 Latinitatis
1795 1082 1935 1132 atque
1961 1063 1966 1070 Ἰ
1999 1067 2001 1070 ⁴

341 1157 443 1198 huic
487 1157 588 1198 loco
630 1162 787 1211 aptum
831 1171 942 1207 esse,
986 1157 1095 1199 illud
1127 1158 1318 1212 propior
1352 1158 1439 1212 (vel
1462 1157 1668 1213 pronior)
1701 1163 1936 1212 tamquam
1998 1190 2003 1193 Α

342 1250 671 1290 supervacuum
705 1236 856 1278 delere
884 1243 1073 1278 conatus
1105 1242 1186 1278 est.

402 1395 460 1436 A.
495 1396 553 1445 ΙΙ,
585 1396 657 1450 69.
694 1396 757 1438 Ut
792 1396 908 1437 bene
941 1402 1150 1438 teneatur
1182 1410 1260 1438 cur
1294 1396 1401 1437 mihi
1435 1397 1506 1437 hic
1542 1409 1686 1450 pauca
1711 1395 1945 1451 quaedam
1991 1408 2030 1444 j

345 1476 565 1516 vocabula
594 1482 804 1530 suspecta
831 1476 933 1526 sint,
963 1482 1171 1518 accurate
1199 1477 1338 1518 totius
1356 1477 1623 1518 narrationis
1641 1477 1854 1518 decursus
1869 1480 1939 1518 est

344 1555 665 1596 observandus.
711 1556 806 1596 Iam
850 1556 1111 1597 inimicitiae
1149 1556 1265 1597 inter
1299 1555 1617 1597 Germanicum
1649 1561 1695 1597 et
1729 1555 1939 1605 Pisonem
1988 1564 2024 1604 ’ᾰὲῑ

314 1655 318 1659 -
345 1642 470 1677 ortae
513 1642 616 1677 sunt
657 1650 908 1690 gravesque
944 1636 1242 1677 contumelias
1274 1642 1592 1690 provocarunt.
1625 1636 1728 1678 Piso
1758 1635 1884 1678 abire
1915 1649 1941 1678 e

346 1717 578 1770 provincia
605 1717 776 1765 statuit,
804 1717 883 1757 sed
912 1717 1076 1757 retinet
1103 1730 1204 1757 eum
1229 1716 1419 1757 adversa
1438 1715 1694 1757 Germanici
1712 1714 1941 1759 valetudo.
2003 1766 2006 1769 Δ

348 1796 564 1837 Reficitur
609 1796 915 1845 Germanicus,
959 1795 1155 1837 exsultat
1187 1796 1353 1849 gaudio
1387 1794 1767 1836 Antiochensium
1800 1793 1943 1849 plebs,
1983 1819 1986 1821 Δ
2021 1786 2029 1793 ²

347 1889 482 1929 quam
515 1876 653 1917 iratus
687 1889 767 1929 per
800 1875 981 1916 lictores
1015 1875 1116 1916 Piso
1150 1874 1388 1916 disturbat.
1422 1874 1540 1915 Tum
1569 1874 1610 1928 (i.
1629 1887 1668 1915 e.
1696 1878 1800 1928 post
1826 1872 1943 1928 prio·

348 1970 441 1996 rem
475 1955 599 1996 illum
634 1955 890 1997 Germanici
925 1955 1148 2005 morbum,
1183 1968 1274 2008 quo
1307 1979 1363 1984 —
1396 1953 1434 1995 si
1466 1967 1572 1994 vera
1599 1958 1702 1994 sunt
1729 1966 1846 2007 quae
1872 1952 1946 1995 hic

350 2041 586 2077 narrantur
617 2060 673 2065 —
707 2036 794 2076 iam
830 2035 1075 2076 excitatam
1109 2035 1307 2088 aliquam
1342 2035 1398 2075 de
1433 2034 1605 2075 Pisonis
1633 2033 1812 2075 nefariis
1838 2038 1944 2076 co'n-

348 2116 455 2156 siliis
487 2115 789 2169 suspicionem
823 2120 1178 2156 consentaneum
1213 2115 1296 2168 est)
1330 2114 1457 2155 Piso:

413 2195 689 2248 „Seleuciam
718 2195 981 2248 digreditur,
1010 2194 1252 2248 opperiens
1274 2193 1618 2247 aegritudinem.
1636 2205 1752 2246 quae
1769 2193 1943 2235 rursum
1996 2188 2028 2226 ἔ

351 2275 621 2317 Germanico
654 2274 924 2316 acciderat.”

411 2356 645 2396 Hactenus
677 2356 830 2397 omnia
863 2355 1035 2409 optime
1069 2354 1344 2408 procedunt:
1378 2353 1614 2406 sequentia
1645 2352 1902 2394 videamus:
1996 2407 1998 2409 ‚
2027 2403 2029 2406 ι

416 2435 635 2488 „Saevam
678 2436 769 2476 vim
811 2434 955 2475 morbi
996 2434 1193 2488 augebat
1235 2433 1464 2487 persuasio
1509 2431 1670 2473 veneni
1715 2445 1743 2473 a
1780 2430 1946 2473 ‘Pisone

354 2514 576 2569 accepti.”

415 2595 618 2635 Hoccine
652 2594 769 2634 bene
798 2594 855 2634 ad
886 2598 1083 2634 ceteram
1112 2593 1416 2634 narrationem
1444 2591 1650 2645 quadrat,
1679 2589 1948 2640 vel-znam
1995 2586 2022 2622 ‘a

354 2674 440 2715 hoc
484 2675 679 2728 primum
722 2674 956 2715 videamus
989 2673 1162 2726 —ipsi
1206 2673 1282 2722 rei,
1327 2672 1383 2712 de
1427 2685 1516 2725 qua
1559 2670 1719 2724 agitur,
1762 2672 2031 2725 naturae&

355 2752 628 2807 respondet?
663 2753 767 2793 Non
800 2753 975 2806 opinor.
1011 2751 1057 2794 Si
1091 2753 1190 2805 quis
1222 2765 1356 2805 aeger
1383 2764 1465 2804 pro
1492 2755 1616 2791 certo
1644 2749 1789 2790 credit
1812 2761 1948 2790 vene·
2000 2736 2018 2754 ⁹

357 2846 463 2873 num
506 2832 589 2873 sibi
634 2833 804 2882 datum,
850 2832 1043 2872 aliamve
1086 2832 1146 2872 ob
1183 2844 1363 2872 causam
1396 2842 1658 2884 persuasum
1690 2828 1776 2870 sibi
1807 2827 1948 2871 habet

356 2912 413 2952 de
446 2925 492 2951 se
525 2917 676 2952 actum
710 2925 820 2961 esse,
854 2912 963 2953 irriti
996 2917 1100 2952 sunt
1134 2911 1412 2952 medicorum
1446 2915 1647 2959 conatus,
1674 2914 1765 2959 aut,
1793 2908 1828 2950 si
1856 2908 1974 2955 iam,
