2040 3412
892 295 975 339 213

127 403 333 445 extincto
348 403 567 453 Maximo,
581 404 771 446 dubium
790 419 846 446 an
866 407 1071 460 quaesita
1090 413 1236 449 morte
1254 406 1296 463 ¹),
1314 408 1495 449 auditos
1512 408 1557 450 in
1577 408 1732 450 funere

32 482 53 512 τ’
121 483 219 525 eius
245 483 444 525 Marciae
469 484 666 537 gemitus
680 490 825 526 semet
844 486 1104 537 incusantis,
1125 488 1248 542 quod
1269 502 1404 530 causa
1422 489 1548 530 exitii
1568 489 1731 531 marito

53 567 57 574 ”
120 561 324 606 fuisset.”

183 643 448 693 Videamus,
493 645 568 698 qui
607 654 768 686 'rumor
810 645 883 687 ille
926 646 1059 688 fuerit
1092 661 1183 701 quo
1218 648 1450 690 nitebatur
1483 649 1638 703 opinio
1674 650 1730 691 de

47 707 65 728 θ’
122 737 301 766 veneno
344 738 370 765 a
415 724 546 766 Livia
583 725 795 779 Augusto
837 727 957 777 data,
992 733 1130 782 atque
1164 729 1430 770 inducamus
1463 729 1730 783 loquentem

34 813 43 847 2⁴
68 835 70 837 »
122 802 321 858 aliquem
349 805 405 846 de
434 804 571 859 vulgo
599 805 849 856 hominum,
879 821 1071 861 quorum
1101 822 1154 849 ea
1177 808 1310 850 fuerit
1330 810 1508 864 opinio:
1534 823 1730 864 „paucos

122 889 230 927 'ante
272 898 450 926 menses
493 885 728 940 Augustus
772 887 1024 930 Planasiam
1069 894 1226 930 vectus
1265 895 1338 946 est
1379 890 1436 931 ad
1471 890 1728 945 Agrippam

124 964 378 1015 visendum,
423 966 562 1020 idque
598 981 735 1021 quam
780 969 977 1010 maxime
1020 976 1210 1027 secreto,
1254 984 1452 1024 namque
1485 985 1588 1012 cum
1622 985 1729 1013 cura

123 1043 325 1100 elegerat
368 1059 540 1096 omnes,
585 1048 662 1101 qui
707 1048 752 1089 in
798 1050 902 1090 navi
945 1055 1075 1091 erant
1093 1048 1137 1105 ²),
1183 1056 1320 1105 atque
1364 1052 1409 1092 in
1453 1052 1550 1106 ipsa
1584 1052 1728 1094 insula

122 1139 262 1167 unum
294 1131 473 1168 tantum
507 1128 722 1170 comitem
758 1129 959 1171 habebat
992 1130 1187 1172 Fabium
1217 1131 1484 1182 Maximum,
1513 1133 1590 1186 qui
1618 1146 1727 1187 ergo

119 1205 290 1257 adfuit,
335 1221 438 1249 cum
482 1207 719 1262 Augustus
763 1223 865 1251 cum
909 1210 1119 1265 Agrippa
1162 1211 1457 1265 loquebatur:
1502 1213 1725 1255 eiusmodi

117 1291 271 1328 autem
297 1287 574 1342 colloquium
601 1289 682 1330 fuit
707 1289 831 1340 illud,
858 1296 906 1331 ut
924 1291 1107 1333 iamiam
1127 1292 1244 1333 inter
1261 1307 1397 1334 avum
1416 1299 1725 1347 nepotemque

116 1367 458 1409 reconciliatum
490 1369 542 1410 iri
574 1370 768 1423 gratiam
801 1377 1056 1425 appareret.
1093 1370 1243 1426 Quam
1273 1386 1383 1422 rem,
1413 1373 1726 1428 maximopere

102 1445 371 1498 ‚celandam,
401 1447 571 1489 Fabius
599 1450 727 1491 uxori
758 1450 956 1492 Marciae
984 1452 1161 1506 aperuit
1189 1457 1327 1506 atque
1355 1452 1430 1493 illa
1449 1453 1620 1494 Liviae.
1653 1454 1724 1495 En

119 1526 272 1574 subito
315 1527 486 1569 Fabius
529 1529 740 1571 moritur:
783 1544 1009 1572 venenum
1045 1532 1256 1573 nimirum
1290 1533 1330 1573 ei
1364 1533 1566 1575 dandum
1600 1548 1724 1575 cura-

122 1612 250 1648 verat
294 1607 437 1657 Livia,
483 1614 532 1650 ut
577 1610 759 1651 unicum
804 1616 970 1652 testem
1004 1612 1066 1652 rei
1099 1617 1194 1653 tam
1229 1612 1448 1655 molestae
1482 1619 1528 1655 et
1559 1614 1644 1655 sibi
1679 1620 1725 1655 et

123 1675 308 1730 Tiberio
339 1702 422 1730 suo
455 1689 512 1731 de
545 1689 696 1730 medio
730 1689 928 1741 tolleret;
964 1703 1112 1745 neque
1141 1691 1227 1733 hoc
1255 1692 1351 1734 sine
1379 1694 1494 1735 iusta
1521 1694 1725 1748 suspicor

121 1781 279 1811 causa:
322 1769 579 1810 audivimus
623 1770 744 1811 enim
790 1771 1009 1812 Marciam
1052 1771 1396 1823 lamentantem,
1431 1774 1555 1827 quod
1590 1787 1725 1815 causa

121 1850 284 1891 marito
313 1850 440 1891 exitii
469 1850 637 1892 fuisset.
674 1851 734 1892 Et
759 1865 878 1892 nunc
907 1851 1104 1906 Augusti
1133 1853 1430 1895 valitudinem
1459 1868 1724 1908 gravescere

119 1931 351 1973 audimus:
395 1931 505 1985 quid
550 1932 694 1985 magis
735 1938 804 1973 est
847 1932 1064 1974 credibile
1108 1947 1244 1988 quam
1288 1935 1333 1976 in
1378 1935 1497 1977 hunc
1541 1949 1724 1990 quoque

117 2010 263 2053 scelus
297 2010 502 2053 molitam
535 2011 729 2062 Liviam,
765 2026 821 2053 ne
853 2012 1092 2067 perficeret
1125 2014 1170 2055 id
1204 2016 1327 2068 quod
1362 2016 1405 2056 in
1440 2016 1592 2057 animo
1620 2030 1723 2058 eum

87 2127 90 2130 .
119 2091 330 2134 habuisse
372 2093 668 2147 comperisset
708 2091 811 2134 illa?
861 2093 957 2134 Iam
991 2100 1172 2136 mortuo
1206 2094 1417 2149 Augusto
1451 2102 1722 2151 mortuoque

117 2171 208 2222 illo,
253 2172 331 2226 qui
372 2172 492 2214 solus
528 2173 658 2213 testis
690 2172 773 2214 fuit
806 2173 1036 2228 colloquii,
1071 2176 1194 2228 quod
1229 2175 1350 2216 illam
1386 2190 1494 2217 mox
1527 2176 1722 2219 futuram

118 2253 407 2308 promitteret
451 2254 883 2304 reconciliationem,
929 2254 1119 2296 nullum·
1143 2256 1302 2297 Liviae
1344 2255 1621 2312 Tiberioque
1663 2258 1721 2321 ab

119 2332 328 2388 Agrippa
345 2335 430 2375 erit
448 2335 744 2375 metuendum
764 2334 1028 2388 periculum,
1046 2340 1124 2375 aut
1142 2349 1167 2376 a
1180 2335 1379 2386 Tiberio,
1399 2337 1487 2377 iam
1502 2337 1720 2392 principe,

119 2413 242 2455 nullo
276 2415 461 2469 negotio
495 2414 568 2455 ille
603 2428 786 2468 quoque
821 2428 845 2455 e
878 2415 1085 2455 vivorum
1120 2416 1289 2469 poterit
1321 2417 1459 2457 eximi
1488 2417 1720 2459 numer0.”

148 2494 418 2537 >Eiusmodi
462 2495 697 2536 hominum
740 2507 984 2544 sermones,
1023 2496 1317 2549 suspiciones,
1352 2497 1722 2540 ratiocinationes

120 2587 179 2616 ex
203 2575 301 2629 ipsa
325 2575 420 2616 vita
444 2580 620 2616 sumtae
645 2575 870 2624 videntur,
892 2580 937 2615 et
956 2580 1142 2629 possent
1160 2589 1184 2616 e
1203 2575 1350 2617 Taciti
1369 2590 1552 2631 quoque
1572 2578 1721 2620 verbis

119 2644 330 2696 facillime
356 2654 561 2709 intelligi,
588 2655 671 2695 nisi
697 2655 782 2695 tria
807 2655 1144 2696 intercederent
1168 2655 1402 2706 vocabula,
1431 2671 1548 2711 quae
1574 2663 1720 2700 totam

172 2817 206 2862 1)
240 2819 371 2861 Utique
406 2819 596 2852 tenendum
630 2819 688 2851 hie
723 2819 818 2862 quod
842 2819 885 2851 de
911 2820 1081 2861 particula
1109 2832 1156 2853 an
1182 2821 1231 2852 sic
1258 2821 1373 2863 posita
1398 2821 1659 2854 observavimus
1684 2833 1719 2865 p.

121 2883 176 2918 73.
215 2877 257 2908 In
283 2877 346 2909 illo
372 2878 465 2910 enim
491 2878 635 2909 dubium
662 2889 708 2909 an
733 2877 790 2909 hie
818 2882 899 2909 sunt
925 2878 1053 2910 omnia.

168 2933 205 2976 2)
231 2934 288 2967 Sic
314 2936 385 2968 fere
411 2936 616 2978 accipienda
638 2936 785 2967 arbitror
808 2936 913 2968 verba
935 2937 1047 2968 electis
1068 2937 1219 2980 consciis,
1240 2942 1277 2969 ut
1299 2938 1433 2980 aliquid
1456 2938 1546 2970 inter
1567 2939 1720 2971 comitem

120 2996 155 3024 et
179 2993 324 3029 conscios
348 2993 496 3026 intersit.
534 2994 613 3026 Hoc
639 2999 770 3026 certum
796 3004 966 3026 summam
990 2995 1112 3027 secreti
1136 3005 1257 3027 curam
1284 3006 1303 3028 a
1328 2996 1451 3029 Tacito
1477 2996 1676 3040 significari.
