2040 3412
1093 297 1180 340 234

333 403 635 445 ablativorum
677 404 823 446 variis
855 406 1239 460 frustrationibus
1271 412 1316 448 et
1346 407 1537 449 adversa
1559 410 1699 464 fama
1731 415 1826 452 tam
1858 410 1925 452 di·
2010 394 2018 434 ⁷·

331 497 460 524 versa
494 489 654 538 natura
687 489 767 525 est.

392 563 566 604 Verum
600 577 691 604 non
725 563 885 605 dubito
919 564 1028 618 quin
1058 565 1126 606 bis
1159 565 1216 606 sit
1248 566 1520 620 expellenda
1553 568 1586 609 Ι.
1621 569 1700 622 85:

389 641 580 697 (Sedato
613 643 808 684 tumultu
843 644 1245 698 praetorianorum,
1279 646 1355 699 qui
1389 647 1446 688 ad
1479 648 1773 691 trucidandos
1798 661 1925 692 sena-

326 728 449 764 tores
485 724 529 764 in
560 723 780 764 Palatium
810 724 1091 779 irruperant),
1123 739 1239 778 „non
1267 731 1419 768 tamen
1444 727 1571 781 quies
1588 728 1687 770 urbi
1704 729 1924 772 redierat:

325 804 541 857 strepitus
574 803 768 845 telorum
803 810 848 845 et
881 804 1017 846 facies
1049 804 1168 855 belli,
1201 813 1243 847 et
1274 806 1490 848 militibus
1518 813 1566 849 ut
1593 807 1703 850 nihil
1730 808 1776 851 in
1802 821 1924 852 com·

328 897 462 925 mune
504 884 806 934 turbantibus,
850 885 913 926 ita
954 886 1118 939 sparsis
1162 899 1242 940 per
1284 887 1445 928 domos
1483 887 1662 930 occulto
1696 888 1853 931 habitu
1882 895 1926 932 et
1968 919 1976 931 r

327 963 525 1017 maligna
567 977 674 1005 cura
715 964 759 1005 in
804 977 976 1014 omnes,
1016 978 1130 1018 quos
1152 959 1379 1008 'nobilitas
1411 973 1488 1009 aut
1520 981 1631 1022 opes
1661 974 1740 1011 aut
1771 968 1924 1024 aliqua.

327 1044 514 1098 insignis
547 1043 768 1085 claritudo
801 1044 1056 1086 rumoribus
1089 1045 1363 1087 obiecerat.”

388 1124 546 1178 Atque
595 1123 703 1166 illud
747 1124 933 1178 quidem
975 1133 1028 1174 et,
1073 1125 1196 1178 quod
1242 1131 1345 1180 post
1387 1126 1539 1169 habitu
1581 1126 1704 1182 legit,
1748 1127 1924 1184 expulit
1992 1166 2013 1190 ‚¹

330 1204 582 1253 Classenus‚
626 1205 748 1258 quod
794 1210 898 1259 post
936 1205 1038 1246 belli
1080 1205 1394 1255 Doederlinus,
1435 1207 1601 1248 rectius
1641 1221 1779 1262 quarn
1812 1208 1925 1251 Mei-

326 1297 450 1324 serus
493 1285 592 1337 qui:
643 1283 804 1325 “facies
847 1284 952 1325 belli
996 1290 1041 1325 et
1077 1290 1235 1335 metus,
1271 1285 1486 1327 militibus
1518 1301 1556 1328 e.
1591 1301 1634 1342 q.
1662 1286 1726 1330 S.”
1760 1301 1926 1344 propo·

324 1365 424 1414 suit,
459 1378 576 1418 quae
611 1365 750 1405 nimia
783 1370 850 1406 est
883 1365 1149 1407 verbositas.

384 1443 624 1485 Ambabus
653 1458 760 1485 vero
786 1444 992 1486 manibus
1009 1446 1175 1500 arripio
1195 1446 1435 1501 Leopoldii
1454 1448 1541 1488 mei
1559 1448 1921 1492 venustissimam

325 1525 696 1565 emendationem
730 1524 787 1574 II,
820 1525 879 1577 46
913 1525 1243 1579 (describuntur
1276 1527 1467 1568 militum
1495 1528 1658 1579 studia,
1687 1527 1919 1572 Othonem

325 1610 429 1658 post
460 1604 759 1646 Bedriacense
794 1604 1014 1659 proelium
1049 1619 1105 1647 ne
1138 1607 1348 1661 desperet
1381 1607 1700 1663 hortantium);

389 1685 490 1738 „qui
524 1684 681 1738 procul
714 1685 967 1735 astiterant,
1002 1687 1190 1727 tendere
1218 1701 1390 1738 manus,
1416 1693 1462 1729 et
1485 1689 1681 1742 proximi
1708 1701 1920 1744 prensare

325 1764 503 1818 genua”

324 1859 427 1886 cum
460 1858 625 1899 magno
658 1845 872 1886 Taciteae
906 1846 1123 1886 orationis
1156 1846 1465 1888 emolumento
1496 1854 1539 1889 et
1568 1846 1762 1889 delentis
1781 1843 1825 1903 ¹).

383 1925 442 1965 H.
487 1925 542 1974 ΙΙ,
585 1926 642 1977 48
688 1925 776 1979 (Ex
819 1925 1100 1979 pulcherimo
1137 1925 1213 1966 illo
1246 1925 1362 1976 loco,
1397 1926 1472 1967 ubi
1506 1927 1740 1980 quomodo
1771 1925 1920 1969 fratris

322 2005 461 2046 filium
497 2004 885 2046 adolescentulum
918 2005 1147 2059 trepidum
1179 2010 1316 2059 atque
1351 2011 1629 2047 maerentem
1660 2005 1831 2049 solatus
1860 2006 1919 2049 sit

327 2083 452 2127 Otho
485 2085 728 2138 narratur):

386 2164 578 2217 „Mereri
620 2177 668 2205 se
707 2164 919 2206 festinato
953 2165 1076 2205 exitu
1110 2163 1399 2206 clementiam
1433 2165 1639 2207 victoris:
1673 2179 1764 2207 non
1795 2165 1916 2208 enim

321 2244 479 2285 ultima
507 2244 840 2298 desperatione,
869 2244 949 2285 sed
977 2249 1194 2298 poscente
1222 2244 1442 2298 proelium
1461 2244 1676 2295 exercitu,
1695 2245 1916 2288 remisisse

321 2324 383 2365 rei
406 2323 615 2378 publicae
633 2323 927 2365 novissimum
946 2337 1113 2365 casum.
1133 2323 1251 2365 Satis
1269 2323 1354 2365 sibi
1373 2324 1581 2375 nominis,
1598 2325 1707 2366 satis
1723 2325 1917 2380 posteris

319 2404 409 2445 suis
454 2403 703 2445 nobilitatis
746 2404 1015 2457 quaesitum.
1059 2403 1253 2444 Proinde
1291 2409 1443 2444 erecto
1475 2404 1627 2445 animo
1658 2410 1916 2459 capesseret
1958 2457 1961 2460 ‚

371 2618 404 2661 1)
431 2619 518 2650 Item
551 2618 739 2650 delendum
765 2623 799 2650 et
822 2628 948 2650 censeo
974 2618 1010 2649 in
1036 2617 1153 2650 hisce:

367 2676 413 2707 H.
449 2676 515 2718 ΙΙΙ,
548 2685 612 2716 44:
647 2675 941 2719 „(Vespasianus)
962 2675 1035 2707 illic
1062 2675 1233 2707 secundae
1259 2675 1392 2718 legioni
1418 2686 1438 2707 a
1464 2675 1612 2708 Claudio
1638 2674 1858 2718 praepositus
1882 2679 1917 2708 et
1993 2705 1999 2716 ,

319 2732 414 2764 bello
441 2732 551 2764 clarus
579 2731 730 2774 egerat.’'

367 2790 413 2821 H.
447 2790 513 2832 ΙΙΙ,
549 2797 610 2830 74:
649 2790 821 2832 „Sabinus
855 2794 890 2822 et
916 2790 1053 2822 Atticus
1079 2790 1215 2822 onerati
1241 2791 1372 2822 catenis
1398 2795 1432 2822 et
1455 2790 1500 2822 ad
1525 2790 1708 2823 Vitellium
1734 2789 1830 2823 ducti
1854 2800 1915 2823 ne-

320 2858 494 2889 quaquam
522 2848 648 2880 infesto
676 2859 832 2880 sermone
858 2848 1028 2890 vultuque
1056 2847 1311 2890 excipiuntur.”
1499 2838 1501 2841 .

368 2907 411 2937 A.
445 2907 473 2948 1,
506 2916 547 2946 4:
584 2907 710 2948 „Hunc
737 2906 948 2950 (Tiberium)
974 2912 1007 2938 et
1032 2907 1145 2948 prima
1170 2907 1214 2939 ab
1240 2906 1388 2938 infantia
1413 2906 1575 2938 eductum
1601 2906 1638 2939 in
1663 2905 1767 2938 domo
1792 2914 1914 2950 regna-

319 2963 416 3006 trice,
442 2969 626 3007 congestos
653 2964 772 2996 iuveni
798 2963 1033 2997 consulatus.''
