2040 3412
1109 296 1192 337 208

350 414 462 456 tellzz'
493 414 678 456 libertus
705 414 935 455 Asiaticus
959 414 1206 468 Polyclitos
1226 415 1477 466 Patrobios,
1507 417 1701 458 Neronis
1727 395 1953 460 ίέόεντοέ.ξ·ι

352 495 470 535 Nam
505 508 624 536 nunc
658 495 779 548 quod
808 494 955 536 solum
984 496 1221 536 annotavit
1250 495 1435 537 sciolus:
1475 496 1642 539 Vitellzz
1666 497 1874 548 libertus,
1889 496 1980 549 a&

301 564 306 580 ¹
353 574 472 615 hunc
502 588 643 628 usque
673 575 795 616 diem
822 587 994 623 omnes,
1015 580 1241 628 quotquot
1258 581 1374 625 sunt,
1394 577 1618 618 editiones
1635 577 1979 621 commaculat.

413 655 471 695 H.
501 655 582 705 III,
613 666 680 708 23.
711 655 762 696 In
791 656 1046 697 narratione
1076 656 1133 697 de
1151 656 1324 710 proelio
1341 657 1398 698 ad
1418 656 1688 699 Cremonam
1707 648 1978 709 commisso}

353 739 399 775 et
432 734 519 794 alia
551 734 761 788 leguntur
794 740 840 775 et
872 734 1008 776 haec:
1911 785 1916 791 .
1959 729 1990 791 [J

418 815 618 869 „Neutro
646 815 941 857 inclinaverat
958 815 1138 857 fortuna
1155 816 1301 857 donec
1319 815 1475 858 adulta
1491 821 1626 858 nocte
1642 815 1748 859 luna
1763 822 1985 881 surgenss

354 896 616 937 ostenderet
656 895 791 937 facies
830 895 1108 952 falleretque,
1149 897 1228 937 sed
1263 895 1492 938 Flavianis
1522 897 1709 952 aequior
1739 911 1766 939 a
1795 902 1985 957 tergo,
1966 867 1991 913 ”””

355 977 459 1018 hinc
493 977 686 1018 maiores
719 990 938 1030 equorum
971 977 1260 1031 virorumque
1293 977 1494 1032 umbrae,
1528 983 1574 1019 et
1601 977 1712 1019 falso
1739 978 1832 1021 ictu
1855 975 1986 1022 'tela

356 1055 554 1097 hostium
583 1057 695 1097 citra
723 1056 972 1097 cadebant:
991 1056 1225 1097 Vitelliani
1253 1057 1444 1098 adverso
1472 1037 1640 1099 lumine
1658 1029 1993 1114 conlucentesij

357 1135 481 1177 velut
515 1149 572 1176 ex
604 1135 784 1176 occulto
817 1135 1117 1177 iaculantibus
1149 1137 1317 1178 incauti
1351 1136 1700 1179 offerebantur.'’
1839 1130 1842 1132 ’

419 1215 598 1264 Nonne,
632 1229 734 1256 curn
767 1215 919 1256 omnia
952 1216 1024 1256 hic
1057 1216 1146 1257 sint
1180 1217 1579 1270 praestantissima,
1611 1222 1765 1259 tamen
1791 1208 1987 1271 ceteris‘f

359 1295 571 1336 omnibus
613 1294 863 1348 elegantius
907 1296 1189 1336 enuntiatum
1233 1297 1413 1337 videtur
1454 1296 1563 1338 illud
1586 1297 1716 1351 falso
1747 1297 1836 1340 ictu
1866 1275 1987 1341 tadi*

360 1376 549 1418 hostium
582 1374 699 1417 citra
726 1375 965 1417 cadebant?
998 1374 1119 1429 Quid
1152 1377 1271 1417 enim
1300 1376 1373 1417 hic
1400 1376 1471 1418 vel
1498 1377 1555 1418 ad
1583 1374 1988 1432 perspicuitatem

361 1455 433 1497 vel
457 1456 514 1496 ad
540 1461 826 1496 venustatem
852 1455 1160 1497 desideratur?
1188 1455 1309 1510 Quid
1334 1457 1441 1498 addi
1466 1462 1647 1511 poterat
1662 1457 1760 1499 sine
1776 1450 1978 1515 sumnia}-
1981 1460 1990 1469 “’

362 1535 613 1590 elegantiae
647 1535 847 1590 periculo
878 1541 1015 1590 atque
1049 1536 1164 1577 adeo
1197 1535 1424 1590 pernicie?
1454 1536 1588 1579 Falso
1619 1527 1729 1580 ictu:
1763 1549 1986 1594 corpora

361 1617 571 1656 nimirum
605 1629 701 1656 esse
735 1615 916 1657 umbras
944 1615 1040 1657 illas
1068 1616 1306 1670 putabant.
1340 1617 1544 1659 Hoccine
1572 1617 1714 1660 voluit
1741 1618 1984 1662 Tacitus?
1989 1657 1992 1660 ,

363 1696 467 1737 Νο11
495 1697 669 1750 opinor,
694 1696 797 1737 sed.
830 1695 1017 1750 „longae
1043 1695 1143 1738 illae
1168 1697 1354 1739 umbrae
1374 1698 1632 1740 efficiebant
1648 1703 1698 1740 ut
1715 1699 1772 1741 de
1789 1699 1996 1755 spatio„

361 1777 485 1831 quod
528 1777 645 1817 inter
687 1776 912 1817 exercitus
955 1781 1085 1826 esset,
1130 1782 1176 1818 et
1217 1777 1275 1839 de
1316 1777 1431 1827 loco,
1477 1778 1552 1820 ubi
1584 1783 1757 1821 starent
1786 1772 1992 1846 hosteffis}

364 1856 597 1898 Vitelliani
641 1855 928 1897 fallerentur’'
952 1855 994 1910 ¹).
1044 1856 1171 1897 Haec
1213 1836 1360 1899 Taciti
1394 1871 1521 1900 mens
1553 1858 1649 1909 fuit,
1681 1860 1776 1910 sed,
1809 1854 1991 1919 qualis

350 1936 424 1978 ille
459 1949 582 1977 error
615 1935 772 1977 fuisset
803 1937 1055 1978 accuratius
1087 1937 1343 1979 describere
1376 1939 1652 1993 supersedit,
1686 1934 1993 1992 1εεῒίεείωε,ξιξ
1989 1925 1995 1930 ’

353 2030 457 2058 nam
485 2017 548 2057 sic
576 2016 806 2070 praeclara
834 2017 1030 2057 nascitur
1058 2017 1318 2071 descriptio.
1352 2018 1418 2060 At
1445 2018 1575 2060 aliter
1589 2019 1773 2063 librario
1790 2015 2002 2080 γί511111ζ·ξ’

353 2096 425 2138 vel
458 2097 610 2150 potius
643 2096 748 2137 viris
780 2097 940 2146 doctis,
969 2097 1060 2150 qui,
1089 2097 1150 2138 illi
1180 2097 1400 2153 obsecuti,
1427 2099 1484 2139 ad
1512 2098 1631 2141 hunc
1659 2113 1800 2154 usque
1828 2078 1991 2145 diem⁴i

353 2176 399 2217 in
442 2181 571 2217 textu
615 2176 898 2217 retinuerunt
942 2176 1063 2230 (post
1095 2177 1239 2231 falso)
1283 2178 1495 2219 insulsam
1529 2179 1873 2224 annotationem
1904 2171 1991 2254 ut}

352 2270 397 2297 zn
439 2263 641 2310 corpora.
694 2255 770 2296 An
815 2255 1087 2297 Vitellianos
1130 2257 1187 2297 de
1229 2257 1449 2299 industria
1491 2257 1677 2300 humum
1719 2258 1822 2302 telis
1862 2269 1979 2305 suis

355 2336 540 2390 petiisse
574 2334 814 2390 putemus?
1952 2384 1980 2405 :2

414 2415 471 2455 Η.
509 2415 589 2464 ΙΙΙ,
624 2427 646 2468 3
658 2427 691 2455 1
721 2414 946 2456 Cremona
964 2421 1226 2469 expugnata
1245 2416 1289 2456 in
1308 2416 1453 2458 victos
1472 2416 1743 2460 Vitellianos
1758 2406 1983 2467 victores

358 2494 652 2547 „ingerebant
684 2494 864 2548 probra,
899 2494 1188 2535 intentabant
1217 2494 1361 2536 ictus”
1374 2513 1383 2545 ;
1413 2509 1521 2537 mox
1548 2502 1701 2538 tamen
1729 2497 1793 2540 ira
1819 2511 1858 2540 c
1881 2498 1931 2535 ιι·
1943 2479 1986 2556 ζ’,ὶ

354 2573 687 2614 misericordiae
721 2579 787 2614 et:

419 2652 582 2705 „subiit
626 2653 882 2694 recordatio
925 2652 1025 2693 illos
1067 2666 1178 2703 esse,
1212 2654 1288 2707 qui
1321 2668 1466 2709 nuper
1498 2656 1703 2698 Bedriaci
1735 2648 1972 2716 νίςΐοιὶειξ1

408 2814 441 2858 1)
462 2815 611 2857 Egregie
635 2825 707 2846 rem
727 2814 876 2846 illustrat
898 2814 987 2846 Plut.
1009 2815 1132 2856 Pomp.
1156 2822 1218 2855 32:
1243 2817 1284 2848 αἱ
1303 2818 1493 2852 σκιαὶπολῦ
1513 2823 1578 2853 τῶν
1594 2820 1759 2862 σωμάτων
1769 2819 1920 2864 ’ίμπρο
1934 2802 1970 2856 ι”ᾆ

356 2872 527 2910 προιοῦσαι
561 2872 632 2908 τοῖς
665 2870 838 2914 πολεμίοις
867 2868 1058 2910 ἐπέβαλλον
1089 2882 1125 2901 ου
1151 2869 1342 2911 δυναμένοις
1368 2874 1407 2906 τὸ
1432 2873 1607 2916 διάστημα
1631 2874 1770 2909 σννιδειν
1793 2875 1848 2911 ἃ

356 2923 437 2955 ἀλλ’
470 2923 512 2960 ὥς
545 2922 577 2956 ἐν
613 2923 727 2964 χερσὶν
758 2922 818 2961 ’ἤδη
848 2925 1035 2965 γεγονότων
1069 2936 1149 2962 τους
1179 2923 1302 2963 ὑσσοὺς
1331 2927 1474 2967 ἀφέντες
1505 2929 1615 2968 μάτην
1638 2929 1764 2968 wambe
1787 2915 1974 2974 εφίκονοᾯι

356 2980 496 3012 Dixeris
523 2980 580 3012 hic
606 2991 626 3012 a
656 2980 840 3012 Plutarcho
865 2980 953 3012 verti
979 2980 1094 3012 locum
1118 2980 1309 3026 Taciteum,
1334 2985 1472 3026 qualem
1497 2995 1562 3028 ego
1588 2987 1767 3029 proposui.
