2040 3412
874 284 926 330 75

158 391 282 434 Ann.
318 392 420 442 XV,
455 392 526 446 65.
573 393 743 446 „Fama
784 394 867 436 fuit
910 395 1122 438 Subrium
1164 392 1360 438 Flavum
1404 411 1507 439 cum
1545 403 1700 438 centu·

22 471 34 512 ἦ
67 468 295 515 ‘tionibus
344 472 524 514 occulto
572 473 775 524 consilio,
826 488 974 530 neque
1021 482 1175 518 tamen
1224 478 1462 532 ignorante
1511 477 1699 527 Seneca,

21 558 32 566 “’
95 552 406 602 destinavisse,
449 558 500 594 ut
542 558 646 607 post
688 554 887 596 occisum
931 569 1070 610 opera
1115 557 1288 598 Pisonis
1327 558 1557 599 Neronem
1600 558 1700 599 Piso

38 687 41 689 -
93 616 277 687 quoque
294 632 636 682 interficeretur,
651 634 998 688 tradereturque
1013 637 1252 690 imperium
1267 638 1481 687 Senecae,
1497 639 1623 692 quasi
1637 639 1701 679 in-

93 712 301 755 sontibus
326 712 353 768 ¹)
383 712 652 755 claritudine
670 714 888 755 virtutum
907 716 965 756 ad
984 729 1210 757 summum
1229 716 1457 772 fastigium
1477 717 1701 759 delect0”.

152 792 231 835 Ad
264 793 383 836 hunc
416 793 567 836 locum
600 794 916 837 illustrandum
951 797 1063 837 mira
1096 797 1321 851 quaedam
1357 798 1559 852 disputat
1589 799 1700 853 Nip-

92 872 304 929 perdeius
336 873 394 915 de
426 874 618 915 consciis
649 875 856 916 sontibus
888 881 935 916 et
962 876 1231 918 insontibus.
1259 876 1513 931 Aliquanto
1541 878 1700 919 melius

93 952 245 995 locum
269 953 333 995 sic
357 954 525 1008 accipit
551 954 818 996 Furneaux:
842 969 958 1009 „quo
978 955 1098 998 facto
1117 957 1201 1011 ipsi
1219 952 1407 999 insontes
1423 959 1697 1009 viderentur,

90 1038 253 1088 utpote
294 1034 371 1088 qui
414 1035 561 1088 ipsum
604 1049 787 1093 quoque
830 1037 1104 1078 occidissent
1149 1038 1372 1088 Pisonem,
1412 1045 1457 1080 et
1501 1040 1697 1080 virorum

91 1113 364 1169 probissimo
406 1113 745 1170 clarissimoque
788 1117 968 1158 tradere
1011 1117 1295 1172 imperium'’.
1341 1118 1431 1161 Sed
1467 1120 1553 1161 hoc
1588 1134 1698 1174 quo-

93 1193 241 1237 minus
282 1194 405 1236 illam
449 1195 875 1250 interpretationem
920 1197 1166 1251 probemus
1209 1198 1376 1249 obstat,
1421 1201 1544 1253 quod
1579 1214 1698 1242 nunc

0 1266 6 1277 ³
68 1263 221 1329 ¹quasi
259 1274 539 1329 iungendum
573 1281 642 1317 est
674 1290 777 1317 cum
809 1277 907 1318 solo
941 1278 1194 1328 insontibus,
1230 1292 1334 1320 cum
1367 1285 1521 1320 tamen
1556 1281 1699 1334 magis

92 1354 230 1397 etiam
272 1355 330 1396 ad
373 1355 641 1397 claritudine
681 1356 901 1398 virtutum
944 1358 1102 1400 delecto
1142 1360 1382 1413 pertineat.
1418 1360 1478 1401 Et
1511 1361 1698 1402 omnino

92 1448 196 1476 cum
237 1435 466 1477 adiectivo
498 1436 645 1478 insons
678 1436 751 1478 hic
784 1437 970 1478 Tacitus
1003 1439 1157 1488 utitur,
1191 1439 1299 1481 illud
1334 1440 1600 1494 simpliciter
1633 1447 1697 1482 at-

91 1529 180 1570 que
222 1521 380 1570 aperte
421 1515 477 1568 τῷ
520 1517 713 1559 conscius
753 1519 1008 1573 opponit:
1053 1519 1127 1560 alii
1172 1525 1276 1560 sunt
1319 1525 1473 1561 sontes
1512 1521 1696 1575 (conscii

90 1596 429 1650 coniurationis)
456 1596 529 1638 alii
555 1598 744 1639 insontes
767 1598 1108 1652 (coniurationis
1133 1613 1224 1640 non
1251 1601 1525 1655 participes).
1551 1601 1696 1642 Unice

89 1690 196 1718 vera
229 1667 338 1731 ergo
371 1682 438 1718 est
467 1683 605 1732 atque
632 1679 749 1719 adeo
778 1680 1032 1720 necessaria
1059 1679 1258 1721 Acidalii
1287 1681 1509 1722 correctio
1536 1682 1699 1724 insonti

85 1764 129 1799 et
173 1757 272 1812 (pro
320 1758 599 1813 insontibus):
649 1759 890 1813 imperium
933 1758 1135 1801 Senecae
1179 1760 1380 1802 delatum
1427 1775 1561 1802 nemo
1603 1776 1694 1803 non

86 1837 345 1880 mortalium
393 1844 511 1880 esset
558 1839 855 1893 probaturus:
906 1840 1060 1882 insons
1109 1841 1229 1882 enim
1278 1841 1351 1882 ille
1400 1848 1497 1883 erat
1546 1856 1693 1895 neque

84 1918 303 1972 sanguine
331 1932 552 1973 aspersus,
582 1925 818 1974 praeterea
847 1920 1053 1962 claritate
1083 1922 1301 1963 virtutum
1329 1936 1507 1963 summo
1530 1923 1693 1977 dignus

85 1997 281 2053 fastigio.

146 2078 205 2120 A.
240 2079 366 2129 XVI,
409 2092 473 2134 19.
518 2080 589 2121 De
631 2081 830 2122 Petronii
875 2082 969 2123 vita
1002 2087 1110 2123 ante
1142 2088 1245 2123 acta
1278 2088 1521 2137 postquam
1555 2097 1690 2137 quae-

87 2159 193 2201 dam
226 2160 424 2201 narravit
459 2160 657 2211 Tacitus,
693 2162 770 2216 qui
805 2162 1000 2203 Neronis
1032 2164 1089 2204 sit
1122 2163 1267 2204 factus
1299 2164 1470 2204 amicus
1503 2164 1691 2204 demon-

85 2240 259 2289 stravit,
286 2240 484 2294 denique
510 2254 588 2282 cur
613 2247 658 2282 et
676 2255 768 2296 quo
787 2243 925 2283 modo
944 2256 969 2283 a
987 2243 1212 2296 Tigellino
1230 2249 1464 2297 tamquam
1485 2243 1691 2284 conscius

87 2319 354 2361 Pisonianae
386 2318 710 2363 coniurationis
742 2328 979 2363 accusatus
1011 2323 1068 2363 sit
1102 2324 1325 2377 exposuit,
1360 2324 1422 2364 sic
1456 2324 1627 2377 pergit:

151 2400 316 2452 „Forte
349 2400 435 2441 illis
468 2401 628 2442 diebus
662 2402 960 2456 Campaniam
990 2403 1215 2456 petiverat
1244 2402 1421 2452 Caesar,
1451 2409 1496 2443 et
1523 2402 1688 2444 Cumas

84 2492 225 2533 usque
269 2493 532 2534 progressus
577 2481 813 2523 Petronius
856 2482 944 2523 illic
985 2482 1270 2524 attinebatur.
1307 2482 1403 2523 Nec
1437 2482 1539 2523 tulit
1572 2482 1687 2524 ultra

80 2559 256 2600 timoris
297 2565 375 2601 aut
418 2561 515 2615 spei
559 2574 707 2603 moras
753 2562 1018 2616 (sequuntur
1059 2563 1116 2603 de
1162 2567 1307 2603 morte
1351 2562 1445 2602 eius
1483 2575 1536 2603 ea
1569 2575 1685 2616 quae

82 2638 219 2693 vulgo
257 2639 428 2694 nota)'’.

82 2795 267 2828 interfecto
301 2796 373 2828 filio
406 2796 611 2828 Radamisto
641 2796 742 2838 quasi
769 2797 959 2839 proditore,
987 2808 1057 2839 quo
1084 2797 1185 2829 fidem
1213 2798 1248 2829 in
1276 2809 1340 2830 nos
1367 2802 1560 2842 testaretur,
1585 2802 1685 2830 vetus

83 2853 247 2886 adversus
280 2854 464 2886 Armenios
491 2854 610 2886 odium
636 2854 832 2896 promptius
859 2855 1076 2897 exercebaffl,
1103 2856 1124 2887 i.
1152 2866 1181 2887 e.
1208 2856 1473 2888 Pharasmanem
1498 2856 1685 2889 admonere

83 2921 173 2954 opus
197 2922 270 2943 non
296 2916 386 2943 erat:
413 2916 540 2953 sponte
566 2912 626 2943 ille
653 2917 686 2943 et
712 2911 863 2944 libenter
889 2912 1021 2944 bellum
1049 2914 1236 2945 Armeniae
1262 2913 1443 2946 inferebat.

132 2967 166 3008 1)
192 2969 233 3000 In
259 2969 378 3001 codice
404 2973 456 3001 est
482 2969 650 3007 insontib‚·
676 2975 709 3001 et
735 2969 892 3013 signum;
921 2971 1063 3012 quidem
1090 2975 1142 3003 est
1167 2982 1186 3003 a
1212 2982 1317 3003 manu
1343 2972 1547 3004 recentiore.
