2040 3412
847 277 900 321 27

38 386 183 447 urbe
225 387 463 442 potiamini
501 399 638 441 quam
678 387 714 428 si
748 400 898 428 arcem
932 399 1121 428 vacuam
1155 383 1504 440 occupassetis”.
1540 383 1675 425 Haud

48 449 229 525 'inepte
261 466 454 508 conferri
490 466 632 521 possit
663 466 889 508 hereditas
919 462 1012 508 sine
1043 467 1201 508 sacris.

75 593 85 601 ‚
110 545 314 600 ,Tertius
345 547 391 588 in
423 545 682 588 Annalibus
713 546 887 600 legitur.
909 546 941 591 l.
971 546 1038 587 III
1072 559 1109 587 c.
1144 557 1214 601 74.
1244 546 1314 587 De
1344 545 1504 587 Blaeso
1532 545 1677 599 perite

59 631 121 675 εῖ
166 627 416 683 prudenter
461 626 846 668 Tacfarinaticum
893 627 1241 668 administrante
1290 626 1459 668 bellum
1503 631 1549 667 et
1591 625 1679 667 alia

38 712 313 762 ‚narrantur
345 712 391 748 et
423 706 559 749 haec:
1108 694 1112 698 ¹

40 795 83 849 41}
127 787 413 843 tripertitum
445 788 696 829 exercitum
730 787 880 842 plures
914 788 958 828 in
988 801 1147 829 manus
1174 787 1394 841 dispergit
1418 786 1678 841 praeponit-

38 856 164 931 {sique
205 868 494 910 centuriones
535 869 715 910 virtutis
757 873 988 922 expertae.
1024 868 1135 917 Nee,
1170 873 1219 909 ut
1254 881 1351 909 mos
1384 867 1543 917 fuerat,
1576 872 1679 908 acta

35 936 248 996 tvl-“aestate
280 948 470 990 retrahit
502 949 657 1003 copias
691 954 769 990 aut
802 950 847 989 in
880 948 1184 990 hibernaculis
1217 948 1383 989 veteris
1416 947 1677 1002 provinciae

32 1017 325 1084 ‚scomponiss
357 1029 437 1071 sed
471 1036 521 1071 ut
550 1029 596 1077 in
627 1029 779 1070 limine
809 1029 911 1070 belli
942 1028 1174 1082 dispositis
1206 1027 1401 1069 castellis
1434 1042 1515 1082 per
1542 1041 1679 1082 expe-

27 1092 196 1156 {ditos
227 1114 274 1151 et
304 1108 601 1158 solitudinum
634 1123 799 1164 gnaros
832 1114 1087 1151 mutantem
1122 1109 1318 1164 mapalia
1342 1108 1678 1150 Tacfarinatem

35 1182 390 1249 ''¹⁷proturbabat.

32 1260 45 1327 γ’
135 1271 225 1314 Hic
271 1271 579 1327 Nipperdeius
625 1279 675 1314 ut
721 1272 858 1322 delet,
903 1272 1322 1327 ego'retinendum
1364 1285 1542 1321 censeO,
1587 1285 1678 1312 non

34 1357 231 1402 „tamen
273 1353 336 1394 ita
376 1352 552 1407 accipio
594 1357 644 1394 ut
687 1353 946 1402 Furneaux,
991 1353 1068 1407 qui
1110 1358 1328 1406 tanquam
1372 1352 1494 1393 idem
1529 1351 1680 1393 valeat

22 1467 30 1476 .,
60 1427 200 1488 ¹quod
238 1432 454 1487 „utpote”
486 1433 826 1487 interpretatur.
861 1432 1181 1487 Metaphoram
1215 1446 1268 1474 ea
1299 1431 1462 1474 vocula
1494 1431 1680 1473 Tacitus

78 1518 278 1563 excusat,
313 1527 419 1555 nam
453 1513 722 1568 metaphora
754 1518 822 1554 est
848 1513 958 1555 illud
987 1513 1119 1555 limen
1146 1513 1257 1562 belli,
1286 1527 1376 1567 qua
1403 1513 1557 1553 tamen
1587 1525 1677 1552 non

80 1593 146 1649 (ut
193 1593 398 1649 plerique
439 1608 511 1635 vv.
546 1594 623 1635 dd.
657 1599 817 1648 putare
850 1593 1078 1648 videntur)
1112 1601 1281 1648 tempus
1311 1593 1391 1634 sed
1423 1592 1540 1633 locus
1571 1591 1686 1632 indi-

26 1663 29 1666 ι
79 1655 236 1716 εειῖιιῑ.Ι
279 1673 439 1715 Castra
493 1673 716 1728 disposuit
764 1673 947 1715 Blaesus
990 1674 1035 1715 in
1078 1673 1199 1734 ipsis
1229 1672 1393 1714 finibus
1435 1673 1683 1713 immensae

16 1739 195 1797 xTillius
236 1754 446 1808 regionis,
493 1754 570 1795 ubi
615 1753 882 1808 plerumque
926 1753 1094 1795 bellum
1139 1758 1236 1794 erat
1278 1753 1543 1807 gerendum,
1578 1751 1683 1793 inde

19 1824 33 1881 [s
77 1833 208 1876 facile
249 1835 295 1876 in
340 1834 571 1875 desertum
614 1834 814 1875 excurrit
846 1834 1140 1888 recurritque,
1174 1834 1322 1875 donec
1354 1837 1491 1886 capto
1524 1830 1683 1873 Tacfa-

15 1959 20 1970 τ
77 1914 234 1961 rinatis
276 1914 368 1956 filio
413 1927 641 1968 regressus
675 1920 744 1956 est
776 1915 838 1968 (in
871 1913 1006 1955 solita
1039 1914 1240 1968 priorum
1275 1913 1442 1954 ducum
1475 1911 1682 1953 hiberna-

78 1994 194 2050 cula)
227 1994 339 2036 falso
372 2000 496 2036 ratus
528 1994 666 2036 finem
699 1995 789 2036 iam
822 1994 993 2036 bellum
1028 1993 1210 2035 habere.
1244 1992 1419 2047 Quodsi
1452 1992 1561 2033 mihi
1591 2005 1681 2032 non

15 2056 31 2118 J·
72 2076 346 2118 ‘conceditur
364 2083 555 2131 propter
583 2076 890 2131 metaphoram
918 2074 1027 2116 illud
1056 2082 1105 2116 ut
1131 2075 1331 2128 positum
1355 2087 1466 2122 esse,
1488 2073 1682 2127 Nipper-

81 2156 245 2199 deiano
288 2156 420 2197 nobis
462 2156 666 2197 remedio
710 2161 778 2197 est
821 2156 1056 2204 utendum,
1093 2169 1198 2196 nam
1230 2155 1266 2194 si
1298 2167 1432 2195 sensu
1464 2155 1536 2194 τοῦ
1571 2161 1681 2195 tam-

81 2249 213 2291 quam
251 2236 294 2278 si
334 2236 596 2291 accipimuS,
641 2235 943 2290 temporalem
988 2235 1137 2276 verbis
1179 2235 1309 2275 lz'men
1351 2234 1452 2275 belli
1483 2234 1574 2274 vim
1607 2233 1683 2274 tri-

15 2330 18 2331 ’
82 2315 275 2366 buimus,
307 2317 431 2370 quod
464 2315 624 2357 falsum
658 2321 748 2365 est;
782 2316 817 2356 si
852 2315 973 2356 idem
1008 2320 1219 2368 putamus
1247 2327 1344 2355 esse
1373 2314 1495 2367 quod
1524 2320 1681 2368 utpote,

82 2395 290 2439 Blaesum
326 2402 620 2451 reputantem
651 2396 840 2437 facimus
873 2409 988 2449 quae
1022 2408 1155 2436 sensu
1189 2407 1315 2435 cassa
1347 2393 1574 2435 videntur.
1608 2392 1682 2434 Sic

11 2471 17 2478 ⁸
81 2477 201 2519 enim
233 2482 331 2519 tum
364 2490 467 2518 eum
499 2490 654 2518 secum
687 2475 877 2517 facimus
909 2474 1267 2528 colloquentem:
1308 2487 1432 2526 „sum
1464 2472 1603 2514 semel
1637 2473 1683 2513 in

21 2570 25 2598 ῑ
79 2557 245 2600 finibus
277 2558 486 2612 regionis,
522 2557 598 2599 ubi
631 2556 801 2598 bellum
832 2557 1016 2610 geritur,
1050 2570 1156 2610 ergo
1187 2555 1249 2596 ibi
1283 2553 1524 2596 manebo”.

139 2637 266 2692 Apte
310 2637 378 2679 his
420 2637 590 2679 addere
624 2650 807 2691 possum
841 2636 898 2676 de
931 2635 1107 2677 duabus
1139 2634 1412 2676 lectionibus
1444 2634 1682 2688 disputati-

23 2730 26 2750 ἑ
81 2731 230 2768 onem,
274 2731 391 2771 quae
429 2717 566 2759 falsae
599 2716 708 2758 mihi
741 2716 967 2757 videntur.
1002 2714 1203 2769 Quarum
1238 2715 1360 2769 prior
1393 2714 1592 2769 pertinet
1624 2714 1681 2755 ad

82 2797 206 2840 Ann.
241 2798 344 2847 XII,
381 2798 459 2838 26:

19 2858 26 2870 ’Δ
143 2877 293 2919 Nemo
326 2878 443 2919 adeo
476 2890 640 2931 expers
674 2875 1008 2917 misericordiae
1042 2875 1125 2916 fuit
1153 2889 1288 2929 quem
1317 2888 1408 2916 non
1438 2874 1685 2916 Britannici

11 2946 26 2979 3
85 2956 290 2998 fortunae
336 2970 513 2998 maeror
556 2957 681 3011 (Ern.
726 2955 907 2996 fortuna
940 2955 1160 3009 maerore)
1193 2955 1408 2996 afficeret.
1442 2953 1685 2996 Desolatus
1723 2955 1734 2964 '
