2040 3412
1069 319 1156 363 270

366 424 423 466 H.
459 425 514 474 II,
551 394 589 466 2:
632 425 762 467 Titus
795 427 1116 481 Vespasianus,
1157 443 1184 470 a
1222 434 1350 484 patre
1384 430 1578 472 Romam
1611 432 1668 473 ad
1703 418 1896 474 Galbam
1939 424 1942 425 ⁷

304 505 464 545 missus
489 504 560 545 vel
588 506 722 546 officii
751 520 884 548 causa
908 507 978 548 vel
1006 521 1086 562 spe
1113 509 1387 563 adoptionis,
1416 510 1620 552 Corinthi
1638 513 1695 554 de
1712 512 1896 556 interitu

303 584 588 639 imperatoris
630 586 794 627 certior
832 586 975 628 factus
1007 600 1160 629 secum
1195 589 1416 631 deliberat
1446 597 1666 645 pergatne
1701 579 1909 635 Romam-

302 677 360 705 an
402 665 460 706 ad
503 670 679 719 patrem
723 666 902 717 redeat;
946 668 1133 708 tandem
1176 669 1322 710 redire
1354 670 1570 721 decernit,
1605 672 1741 726 idque
1775 671 1895 718 haud

304 757 440 785 unam
474 745 533 786 ob
566 759 771 787 causam:

368 824 610 877 „Fuerunt,
638 826 714 879 qui
741 839 983 868 accensum
1013 828 1237 870 desiderio
1256 829 1492 871 Berenices
1509 830 1692 884 reginae
1709 831 1897 874 vertisse

302 904 387 945 iter
414 905 675 960 crederent3
704 919 852 960 neque
879 906 1208 957 abhorrebat-a
1234 907 1448 949 Berenice
1477 909 1683 951 iuvenilis
1707 910 1896 961 animus,

302 985 382 1025 sed
415 986 626 1038 gerendis
658 985 791 1026 rebus
824 986 995 1028 nullum
1026 1001 1081 1028 ex
1112 1002 1158 1029 eo
1191 988 1592 1042 impedimentum:
1626 973 1793 1032 laetam
1819 982 1907 1032 vos

301 1063 551 1118 luptatibus
594 1065 949 1107 adulescentiam
983 1067 1089 1120 egit,
1124 1081 1204 1108 suo
1237 1081 1374 1121 quam
1406 1069 1547 1122 patris
1580 1069 1771 1124 imperio
1803 1083 1914 1112 mo-v
1937 1053 1951 1069 ⁸

303 1143 518 1184 destior.”

363 1223 509 1264 Immo
551 1237 659 1265 vero
701 1237 755 1265 ex
791 1239 863 1266 ea:
898 1230 994 1266 turn
1028 1225 1149 1266 enirn
1182 1226 1367 1267 demum
1400 1227 1463 1268 ita
1496 1227 1627 1269 nobis
1659 1228 1910 1278 Berenices

302 1303 487 1357 Titique
519 1317 696 1344 amores
723 1304 1040 1346 describuntur
1068 1310 1117 1346 ut
1145 1306 1363 1347 innocuos
1392 1319 1469 1348 eos
1496 1306 1630 1348 fuisse
1656 1313 1896 1363 appareat:

302 1383 473 1425 nullum
506 1385 722 1425 Berenice
755 1385 888 1426 rebus
920 1385 1130 1439 gerendis
1162 1385 1380 1427 afferebat
1413 1387 1806 1441 impedimentum.

363 1543 421 1584 H.
448 1543 504 1593 ΙΙ,
531 1556 567 1598 3.
598 1544 844 1598 Postquam
862 1545 971 1599 quid
991 1545 1108 1586 fama
1126 1547 1356 1600 proditum
1374 1547 1432 1588 sit
1450 1547 1507 1588 de
1525 1547 1683 1602 templi
1702 1545 1895 1590 Veneris

302 1623 500 1677 Paphiae
533 1625 769 1665 conditore
802 1626 1041 1675 enarravit,
1074 1625 1137 1667 sic
1171 1627 1318 1680 pergit
1349 1626 1558 1668 Tacitus:
1906 1611 1907 1614 Ἴ

365 1704 479 1757 „Sed
522 1705 757 1746 scientiam
800 1711 1035 1760 artemque
1077 1706 1365 1760 haruspicum
1407 1707 1600 1749 accitam
1644 1713 1690 1748 et
1732 1707 1891 1750 cilicen

299 1783 528 1825 Tamiram
561 1784 807 1826 intulisse.”

358 1864 427 1905 Ita
467 1869 534 1905 est
567 1864 611 1905 in
645 1865 816 1906 codice.
861 1864 948 1918 Qui
982 1866 1301 1907 tantummodo
1333 1867 1480 1908 cilicen
1513 1867 1558 1908 in
1594 1858 1770 1910 Cilicem
1798 1880 1894 1910 mu-

295 1948 448 1984 tarunt
475 1943 622 1984 Taciti
651 1957 834 1985 manum
862 1951 952 1985 n'on
982 1945 1294 1987 restituerunt:
1323 1945 1427 1987 ferri
1454 1947 1574 1988 enirn
1603 1947 1726 1989 nullo
1751 1948 1891 1990 modo

298 2022 416 2063 istud
449 2031 490 2064 et
520 2029 685 2077 potest.
721 2023 811 2085 Sed
845 2038 901 2064 ne
935 2024 996 2065 illi
1025 2026 1223 2078 quidem,
1253 2026 1328 2079 qui
1356 2039 1458 2067 eam
1485 2026 1694 2068 voculam
1721 2027 1891 2077 delent,

299 2102 407 2143 mihi
436 2103 738 2154 satisfaciunt:
769 2117 887 2144 nunc
916 2104 1035 2144 enim
1066 2117 1154 2145 una
1182 2105 1311 2146 nobis
1329 2118 1398 2146 res
1416 2105 1591 2147 duabus
1607 2105 1892 2149 sententiolis

297 2183 502 2233 traditur,
547 2198 694 2238 neque
739 2184 848 2238 quid
891 2184 976 2225 sibi
1017 2185 1102 2225 ista
1144 2185 1253 2226 velit
1293 2186 1477 2227 divisio:
1517 2186 1621 2239 „sed
1653 2184 1901 2236 scientiam

296 2268 532 2317 artemque
574 2264 861 2318 haruspicum
903 2264 1119 2305 accitam:
1165 2263 1350 2306 Cilicem
1393 2265 1623 2306 Tamiram
1655 2265 1887 2307 intulisse”

295 2343 533 2397 quisquam
566 2343 704 2384 videt.
750 2343 878 2384 Idem
912 2343 968 2384 de
1004 2343 1236 2384 Puteolani
1270 2344 1529 2385 coniectura
1559 2359 1581 2386 e
1616 2344 1772 2387 Cilicia
1803 2339 1887 2399 pro

293 2431 334 2465 et
374 2423 521 2464 cilz'cen
563 2423 755 2477 legentis
796 2424 1088 2464 statuendum
1122 2428 1201 2464 est.
1245 2424 1347 2464 Non
1381 2424 1502 2465 enim
1535 2425 1681 2466 minus
1713 2425 1887 2479 ingrate

293 2503 519 2544 sententia
545 2503 607 2543 sic
636 2503 927 2556 discerpitur:
960 2504 1064 2555 „sed
1094 2503 1330 2544 scientiam
1346 2509 1582 2558 artemque
1599 2503 1886 2558 haruspicum

294 2582 487 2623 accitam
520 2596 543 2623 e
578 2581 756 2623 Cilicia:
791 2582 1021 2622 Tamiram
1054 2582 1300 2623 intulisse.”
1344 2583 1426 2624 Illa
1457 2589 1610 2625 tamen
1642 2584 1701 2625 ad
1735 2585 1907 2632 veram⁴

295 2675 377 2702 nos
418 2663 542 2703 ducit
584 2661 842 2721 lectiopem,
876 2662 934 2703 ad
968 2675 1103 2715 quam
1136 2662 1462 2703 restituendam
1495 2662 1721 2704 levissima
1754 2666 1907 2716 quae?

296 2742 399 2782 dam
434 2742 596 2782 sufficit
628 2742 903 2782 emendatio.
938 2741 1205 2795 Legendum
1235 2741 1355 2782 enim
1383 2747 1474 2783 est:
1508 2741 1624 2795 „Sed
1651 2742 1888 2784 scientiam
1931 2767 1939 2771 ν»
1995 2740 2006 2763 '¹

296 2826 529 2874 artemque
573 2821 861 2875 haruspicum
903 2821 1088 2862 accitum
1132 2835 1156 2861 e
1190 2820 1346 2862 Cilicia
1379 2821 1607 2862 Tamiram
1640 2820 1890 2863 intulisse.”

297 2899 431 2941 Haud
476 2900 678 2942 dissimili
722 2901 859 2942 modo
902 2900 960 2941 H.
1005 2900 1087 2949 IV,
1121 2901 1174 2953 83
1219 2915 1245 2941 a
1287 2887 1549 2942 Ptolemaeo
1592 2901 1787 2956 primum
1821 2901 1890 2943 vir

296 2981 480 3034 quidam
510 2986 798 3022 externarum
824 2980 1091 3034 religionum
1120 2980 1290 3034 peritus
1316 2982 1574 3031 arcessitur;
1602 2981 1699 3022 eius
1720 2980 1885 3023 deinde
