2040 3412
0 1226 12 1344 3

828 272 884 316 29

2 351 212 431 ‘fAltera
244 384 312 424 vir
345 384 507 425 doctus
537 383 734 424 tentavit
767 382 1089 454 quodxlegitur
1125 382 1183 424 A.
1218 383 1300 432 ΙΙΙ,
1334 394 1416 437 49:

112 464 227 506 Fine
273 465 380 505 anni
429 463 682 506 Clutorium
730 464 945 514 Priscum,
990 464 1193 518 equitem
1238 464 1510 513 Romanum,
1553 469 1658 518 post

51 543 230 587 celebre
272 557 469 593 carmen,
505 557 596 598 quo
630 543 888 585 Germanici
922 557 1134 598 suprema
1167 542 1430 593 defleverat,
1464 545 1658 598 pecunia

50 623 271 667 donatum
305 637 331 665 a
364 623 570 673 Caesare,
604 624 821 678 corripuit
856 623 1047 674 delator,
1080 624 1316 665 obiectans
1342 637 1479 678 aegro
1507 624 1656 665 Druso

14 696 21 722 ⁷
50 705 373 760 composuisse,
417 705 555 759 quod,
599 705 634 746 si
676 705 927 746 exstinctus
958 695 1293 755 foret‚'maiore
1326 706 1530 760 praemio
1563 705 1658 747 vul-

6 802 20 822 :
48 790 244 841 garetur.
279 785 332 827 Id
366 784 593 827 Clutorius
626 786 671 826 in
705 785 844 826 domo
879 785 924 826 P.
959 785 1157 826 Petronii
1191 798 1321 826 socru
1356 786 1450 826 eius
1469 785 1656 826 Vitellia

50 878 206 908 coram
237 864 482 919 multisque
515 865 761 906 illustribus
793 864 972 906 feminis
1005 879 1086 920 per
1119 864 1507 919 vaniloquentiam
1536 865 1655 919 lege-

17 950 134 988 Δἰ’«ειῒ.
184 945 249 988 Ut
292 944 470 986 delator
511 945 701 994 exstitit,
745 945 906 986 ceteris
949 946 1006 986 ad
1051 946 1297 986 dicendum
1340 946 1653 986 testimonium

50 1026 292 1076 exterritis,
325 1025 421 1067 sola
454 1025 641 1066 Vitellia
674 1025 785 1066 nihil
818 1016 865 1066 se
898 1025 1124 1078 audivisse
1157 1026 1459 1067 adseveravit.

112 1106 198 1147 Pro
240 1105 413 1161 legerat
454 1105 791 1147 Weisbrodtius
834 1106 1030 1149 coniecit
1074 1106 1248 1156 iecerat,
1294 1107 1417 1160 quod
1451 1106 1656 1161 plerique

52 1186 252 1242 editores
278 1187 323 1228 in
351 1191 528 1228 textum
557 1191 839 1241 receperunt,
868 1186 966 1236 hac,
997 1187 1148 1236 credo,
1178 1200 1224 1227 re
1245 1186 1357 1227 moti
1375 1186 1498 1240 quod
1517 1187 1655 1227 etiam

53 1267 135 1318 VI,
178 1279 229 1322 31
274 1267 464 1309 iaciendi
503 1267 693 1308 verbum
736 1280 839 1308 cum
884 1266 1117 1308 vocabulis
1152 1274 1240 1321 per
1281 1266 1653 1320 vaniloquentiam

52 1347 264 1402 iungitur,
307 1347 435 1401 quasi
479 1361 588 1388 vero
632 1346 742 1388 nihil
784 1346 904 1388 aliud
948 1361 1029 1401 per
1071 1346 1462 1400 vaniloquentiam
1508 1346 1657 1387 facere

52 1428 292 1482 quisquam
324 1428 467 1482 possit
501 1441 637 1481 quam
666 1427 819 1476 iacere,
843 1426 1049 1481 gloriari
1074 1426 1249 1467 similia.
1279 1426 1345 1467 At
1373 1440 1458 1481 ego
1486 1427 1659 1481 legerat

0 1509 4 1546 ,ἐ
52 1508 340 1550 retinendum
384 1521 563 1549 censeo,
609 1508 678 1548 De
721 1513 868 1548 morte
912 1507 1169 1548 Germanici
1212 1507 1438 1548 Clutorius
1472 1521 1655 1549 carmen

0 1618 2 1621 v
52 1587 222 1630 fecerat
264 1593 310 1629 et
351 1588 524 1642 grande
566 1601 649 1642 pro
692 1601 747 1628 eo
789 1592 1031 1641 acceperat
1064 1587 1316 1641 praemium
1330 1604 1339 1636 ;
1376 1587 1564 1628 vixdum
1598 1588 1655 1628 de

53 1668 215 1710 morbo
258 1668 393 1709 Drusi
437 1668 602 1709 certior
638 1667 783 1708 factus
816 1672 884 1708 est
917 1673 976 1716 et,
1011 1667 1193 1708 maioris
1225 1667 1448 1707 mercedis
1480 1680 1575 1720 spe,
1609 1681 1656 1707 se

51 1749 110 1790 ad
154 1762 323 1790 novum
366 1749 563 1803 accingit
607 1761 784 1803 poema.
826 1748 1015 1802 Iamque
1048 1753 1225 1802 partem
1260 1747 1354 1788 eius
1388 1747 1658 1789 recitaverat

53 1829 339 1887 quibusdam,
387 1829 465 1883 qui
510 1829 725 1870 eiusmodi
769 1828 1076 1869 recitationum
1119 1828 1478 1881 auditionumque
1520 1842 1654 1869 causa

52 1918 353 1952 convenerant.
383 1910 502 1951 Nam
529 1910 668 1951 talem
698 1914 976 1950 conventum
1005 1908 1125 1949 haud
1146 1908 1283 1950 dubie
1302 1908 1452 1949 verbis
1470 1908 1515 1949 in
1532 1908 1656 1949 domo

51 1990 106 2032 P.
138 1990 346 2033 Petronii
375 2005 524 2032 coram
558 1990 711 2032 multis
742 1989 993 2031 illustribus
1010 1989 1202 2044 feminis
1228 1989 1445 2030 describit
1472 1989 1658 2030 Tacitus

53 2076 99 2112 et
129 2076 309 2112 tantum
342 2085 433 2112 non
468 2071 689 2125 depingit.
725 2069 799 2110 An
834 2075 967 2124 putas
1001 2068 1234 2110 Vitelliam
1264 2082 1430 2122 negare
1459 2082 1549 2110 non
1578 2083 1657 2123 po-

51 2151 189 2193 tuisse
222 2152 445 2194 audivisse
475 2166 520 2193 se
550 2151 669 2205 quod
696 2164 846 2192 coram
880 2151 978 2205 ipsa
1011 2150 1156 2191 fuerat
1185 2147 1450 2190 recitatum?
1479 2150 1658 2204 Inspice

53 2245 160 2286 ergo
193 2231 316 2273 Ann.
351 2232 480 2281 XIV,
514 2233 596 2284 48:

112 2292 340 2354 Antistius
367 2344 376 2353 .
397 2345 406 2353 .
436 2312 656 2366 probrosa
685 2311 901 2352 adversus
929 2310 1182 2364 principem
1211 2310 1412 2351 carmina
1434 2310 1657 2352 factitavit

51 2393 338 2448 vulgavitque
383 2393 541 2435 celebri
586 2392 793 2441 convivio,
836 2392 941 2432 dum
985 2391 1110 2445 apud
1150 2389 1374 2432 Ostorium
1419 2390 1656 2446 Scapulam

51 2473 259 2529 epulatur
287 2506 445 2515 ......
478 2474 538 2514 Et
565 2487 668 2514 cum
697 2471 903 2514 Ostorius
922 2471 1040 2512 nihil
1051 2472 1275 2513 audivisse
1291 2485 1372 2526 pro
1392 2471 1655 2512 testimonio

54 2554 242 2595 dixisset
261 2586 269 2595 .
291 2586 300 2596 .
320 2587 329 2595 .
350 2586 359 2595 .

113 2640 159 2676 et
191 2640 432 2689 exemptus
464 2634 547 2675 tibi
581 2634 728 2674 omnis
761 2632 845 2673 erit
877 2631 1126 2686 scrupulus.

708 2815 1003 2822 ——-———-
