<?xml version="1.0" encoding="UTF-8"?>
<!DOCTYPE html PUBLIC "-//W3C//DTD XHTML 1.0 Transitional//EN"
    "http://www.w3.org/TR/xhtml1/DTD/xhtml1-transitional.dtd">
<html xmlns="http://www.w3.org/1999/xhtml" xml:lang="en" lang="en">
 <head>
  <title>
</title>
<meta http-equiv="Content-Type" content="text/html;charset=utf-8" />
  <meta name='ocr-system' content='tesseract 3.04.00' />
  <meta name='ocr-capabilities' content='ocr_page ocr_carea ocr_par ocr_line ocrx_word'/>
</head>
<body>
  <div class='ocr_page' id='page_1' title='image "analectatacitea00hartuoft_0101.png"; bbox 0 0 2040 3412; ppageno 0'>
   <div class='ocr_carea' id='block_1_1' title="bbox 775 969 916 1010">
    <p class='ocr_par' dir='ltr' id='par_1_1' title="bbox 775 969 916 1010">
     <span class='ocr_line' id='line_1_1' title="bbox 775 969 916 1010; baseline 0 0"><span class='ocrx_word' id='word_1_1' title='bbox 775 983 777 985; x_wconf 90' lang='lat'>·</span> <span class='ocrx_word' id='word_1_2' title='bbox 835 969 916 1010; x_wconf 90' lang='lat' dir='ltr'><strong>XI.</strong></span> 
     </span>
    </p>
   </div>
   <div class='ocr_carea' id='block_1_2' title="bbox 0 0 218 3412">
    <p class='ocr_par' dir='ltr' id='par_1_2' title="bbox 0 0 218 3412">
     <span class='ocr_line' id='line_1_2' title="bbox 0 0 218 3412; baseline 0 -2338"><span class='ocrx_word' id='word_1_3' title='bbox 0 0 218 3412; x_wconf 95' lang='lat' dir='ltr'><strong>       </strong></span> 
     </span>
    </p>
   </div>
   <div class='ocr_carea' id='block_1_3' title="bbox 10 1105 1676 3022">
    <p class='ocr_par' dir='ltr' id='par_1_3' title="bbox 16 1105 1676 1576">
     <span class='ocr_line' id='line_1_3' title="bbox 22 1105 1674 1178; baseline 0.006 -23"><span class='ocrx_word' id='word_1_4' title='bbox 22 1173 26 1178; x_wconf 24' lang='grc' dir='ltr'><strong>Δ</strong></span> <span class='ocrx_word' id='word_1_5' title='bbox 129 1113 208 1156; x_wconf 88' lang='lat' dir='ltr'><strong>Ad</strong></span> <span class='ocrx_word' id='word_1_6' title='bbox 250 1114 377 1158; x_wconf 91' lang='lat' dir='ltr'><strong>locos</strong></span> <span class='ocrx_word' id='word_1_7' title='bbox 418 1117 553 1158; x_wconf 90' lang='lat' dir='ltr'><strong>venio</strong></span> <span class='ocrx_word' id='word_1_8' title='bbox 595 1118 708 1168; x_wconf 91' lang='lat' dir='ltr'><strong>illos,</strong></span> <span class='ocrx_word' id='word_1_9' title='bbox 751 1119 828 1160; x_wconf 93' lang='lat' dir='ltr'><strong>ubi</strong></span> <span class='ocrx_word' id='word_1_10' title='bbox 870 1120 1018 1161; x_wconf 81' lang='lat' dir='ltr'>Taciti</span> <span class='ocrx_word' id='word_1_11' title='bbox 1063 1127 1264 1162; x_wconf 84' lang='lat' dir='ltr'><strong>mentem</strong></span> <span class='ocrx_word' id='word_1_12' title='bbox 1309 1105 1512 1164; x_wconf 83' lang='lat' dir='ltr'><strong>nondum</strong></span> <span class='ocrx_word' id='word_1_13' title='bbox 1557 1123 1674 1165; x_wconf 90' lang='lat' dir='ltr'><strong>bene</strong></span> 
     </span>
     <span class='ocr_line' id='line_1_4' title="bbox 30 1198 1676 1258; baseline 0.006 -23"><span class='ocrx_word' id='word_1_14' title='bbox 30 1206 40 1258; x_wconf 15' lang='grc' dir='ltr'><strong>’ζ</strong></span> <span class='ocrx_word' id='word_1_15' title='bbox 69 1200 358 1252; x_wconf 81' lang='lat' dir='ltr'>perspectam</span> <span class='ocrx_word' id='word_1_16' title='bbox 401 1210 427 1238; x_wconf 89' lang='lat' dir='ltr'><strong>a</strong></span> <span class='ocrx_word' id='word_1_17' title='bbox 470 1198 575 1238; x_wconf 91' lang='lat' dir='ltr'><strong>viris</strong></span> <span class='ocrx_word' id='word_1_18' title='bbox 617 1198 764 1240; x_wconf 88' lang='lat' dir='ltr'><strong>doctis</strong></span> <span class='ocrx_word' id='word_1_19' title='bbox 806 1205 884 1240; x_wconf 91' lang='lat' dir='ltr'><strong>aut</strong></span> <span class='ocrx_word' id='word_1_20' title='bbox 927 1206 1143 1254; x_wconf 86' lang='lat' dir='ltr'><strong>expertus</strong></span> <span class='ocrx_word' id='word_1_21' title='bbox 1183 1215 1281 1242; x_wconf 89' lang='lat' dir='ltr'><strong>sum</strong></span> <span class='ocrx_word' id='word_1_22' title='bbox 1325 1208 1403 1244; x_wconf 89' lang='lat' dir='ltr'><strong>aut</strong></span> <span class='ocrx_word' id='word_1_23' title='bbox 1446 1217 1536 1244; x_wconf 91' lang='lat' dir='ltr'><strong>non</strong></span> <span class='ocrx_word' id='word_1_24' title='bbox 1581 1205 1676 1245; x_wconf 91' lang='lat' dir='ltr'><strong>sine</strong></span> 
     </span>
     <span class='ocr_line' id='line_1_5' title="bbox 39 1260 1676 1336; baseline 0.005 -19.889"><span class='ocrx_word' id='word_1_25' title='bbox 39 1262 43 1266; x_wconf 52' lang='grc'>’</span> <span class='ocrx_word' id='word_1_26' title='bbox 68 1260 206 1316; x_wconf 59' lang='lat' dir='ltr'><strong>causa</strong></span> <span class='ocrx_word' id='word_1_27' title='bbox 262 1277 479 1331; x_wconf 90' lang='lat' dir='ltr'><strong>suspicari</strong></span> <span class='ocrx_word' id='word_1_28' title='bbox 534 1278 643 1319; x_wconf 92' lang='lat' dir='ltr'><strong>mihi</strong></span> <span class='ocrx_word' id='word_1_29' title='bbox 693 1279 864 1320; x_wconf 90' lang='lat' dir='ltr'><strong>videor.</strong></span> <span class='ocrx_word' id='word_1_30' title='bbox 916 1280 1007 1321; x_wconf 88' lang='lat' dir='ltr'><strong>Eos</strong></span> <span class='ocrx_word' id='word_1_31' title='bbox 1056 1294 1163 1334; x_wconf 86' lang='lat' dir='ltr'><strong>ergo</strong></span> <span class='ocrx_word' id='word_1_32' title='bbox 1210 1282 1274 1322; x_wconf 91' lang='lat' dir='ltr'><strong>sic</strong></span> <span class='ocrx_word' id='word_1_33' title='bbox 1322 1296 1577 1336; x_wconf 91' lang='lat' dir='ltr'><strong>proponam</strong></span> <span class='ocrx_word' id='word_1_34' title='bbox 1628 1290 1676 1324; x_wconf 94' lang='lat' dir='ltr'><strong>ut</strong></span> 
     </span>
     <span class='ocr_line' id='line_1_6' title="bbox 33 1347 1675 1417; baseline 0.005 -21.929"><span class='ocrx_word' id='word_1_35' title='bbox 33 1347 35 1350; x_wconf 57' lang='grc'><strong>’</strong></span> <span class='ocrx_word' id='word_1_36' title='bbox 68 1356 303 1410; x_wconf 90' lang='lat' dir='ltr'><strong>quomodo</strong></span> <span class='ocrx_word' id='word_1_37' title='bbox 347 1357 456 1398; x_wconf 91' lang='lat' dir='ltr'><strong>mihi</strong></span> <span class='ocrx_word' id='word_1_38' title='bbox 499 1358 782 1413; x_wconf 86' lang='lat' dir='ltr'><strong>intelligendi</strong></span> <span class='ocrx_word' id='word_1_39' title='bbox 827 1360 1068 1401; x_wconf 90' lang='lat' dir='ltr'><strong>videantur</strong></span> <span class='ocrx_word' id='word_1_40' title='bbox 1111 1374 1330 1402; x_wconf 84' lang='lat' dir='ltr'><strong>enarrem.</strong></span> <span class='ocrx_word' id='word_1_41' title='bbox 1372 1362 1459 1403; x_wconf 93' lang='lat' dir='ltr'><strong>Hic</strong></span> <span class='ocrx_word' id='word_1_42' title='bbox 1492 1377 1675 1417; x_wconf 90' lang='lat' dir='ltr'><strong>quoque</strong></span> 
     </span>
     <span class='ocr_line' id='line_1_7' title="bbox 22 1438 1676 1493; baseline 0.005 -17"><span class='ocrx_word' id='word_1_43' title='bbox 22 1447 413 1491; x_wconf 64' lang='lat' dir='ltr'><strong>„gnonnumquam</strong></span> <span class='ocrx_word' id='word_1_44' title='bbox 460 1438 618 1480; x_wconf 93' lang='lat' dir='ltr'><strong>inutile</strong></span> <span class='ocrx_word' id='word_1_45' title='bbox 666 1438 851 1493; x_wconf 86' lang='lat' dir='ltr'>aliquod</span> <span class='ocrx_word' id='word_1_46' title='bbox 895 1441 1171 1481; x_wconf 89' lang='lat' dir='ltr'><strong>emendandi</strong></span> <span class='ocrx_word' id='word_1_47' title='bbox 1214 1455 1436 1483; x_wconf 83' lang='lat' dir='ltr'>conamen</span> <span class='ocrx_word' id='word_1_48' title='bbox 1481 1443 1676 1484; x_wconf 88' lang='lat' dir='ltr'><strong>refutare</strong></span> 
     </span>
     <span class='ocr_line' id='line_1_8' title="bbox 18 1516 466 1576; baseline 0.002 -19"><span class='ocrx_word' id='word_1_49' title='bbox 18 1522 34 1575; x_wconf 71' lang='lat' dir='ltr'>J</span> <span class='ocrx_word' id='word_1_50' title='bbox 68 1516 285 1558; x_wconf 87' lang='lat' dir='ltr'><strong>conabor.</strong></span> <span class='ocrx_word' id='word_1_51' title='bbox 463 1572 466 1576; x_wconf 13' lang='grc' dir='ltr'><strong>ἡ</strong></span> 
     </span>
    </p>

    <p class='ocr_par' dir='ltr' id='par_1_4' title="bbox 10 1595 1673 2061">
     <span class='ocr_line' id='line_1_9' title="bbox 26 1595 1671 1658; baseline 0.005 -21"><span class='ocrx_word' id='word_1_52' title='bbox 26 1650 30 1658; x_wconf 17' lang='lat' dir='ltr'><strong>f</strong></span> <span class='ocrx_word' id='word_1_53' title='bbox 127 1595 187 1638; x_wconf 83' lang='lat' dir='ltr'><strong>A.</strong></span> <span class='ocrx_word' id='word_1_54' title='bbox 215 1597 344 1647; x_wconf 92' lang='lat' dir='ltr'><strong>XIII,</strong></span> <span class='ocrx_word' id='word_1_55' title='bbox 371 1609 443 1652; x_wconf 91' lang='lat'><strong>43.</strong></span> <span class='ocrx_word' id='word_1_56' title='bbox 471 1598 639 1653; x_wconf 85' lang='lat' dir='ltr'>Agitur</span> <span class='ocrx_word' id='word_1_57' title='bbox 665 1600 723 1641; x_wconf 93' lang='lat' dir='ltr'><strong>de</strong></span> <span class='ocrx_word' id='word_1_58' title='bbox 752 1613 886 1642; x_wconf 84' lang='lat' dir='ltr'><strong>causa</strong></span> <span class='ocrx_word' id='word_1_59' title='bbox 915 1599 1072 1650; x_wconf 86' lang='lat' dir='ltr'><strong>Suillii,</strong></span> <span class='ocrx_word' id='word_1_60' title='bbox 1102 1602 1179 1655; x_wconf 92' lang='lat' dir='ltr'><strong>qui</strong></span> <span class='ocrx_word' id='word_1_61' title='bbox 1202 1602 1457 1656; x_wconf 83' lang='lat' dir='ltr'><strong>imperante</strong></span> <span class='ocrx_word' id='word_1_62' title='bbox 1481 1602 1671 1645; x_wconf 91' lang='lat' dir='ltr'><strong>Claudio</strong></span> 
     </span>
     <span class='ocr_line' id='line_1_10' title="bbox 66 1675 1672 1736; baseline 0.004 -18.772"><span class='ocrx_word' id='word_1_63' title='bbox 66 1675 265 1718; x_wconf 82' lang='lat' dir='ltr'><strong>famosus</strong></span> <span class='ocrx_word' id='word_1_64' title='bbox 292 1678 598 1720; x_wconf 80' lang='lat' dir='ltr'><strong>delationibus</strong></span> <span class='ocrx_word' id='word_1_65' title='bbox 620 1679 785 1730; x_wconf 88' lang='lat' dir='ltr'><strong>fuerat;</strong></span> <span class='ocrx_word' id='word_1_66' title='bbox 810 1681 846 1721; x_wconf 89' lang='lat' dir='ltr'><strong>is</strong></span> <span class='ocrx_word' id='word_1_67' title='bbox 868 1677 987 1721; x_wconf 86' lang='lat' dir='ltr'><strong>nunc</strong></span> <span class='ocrx_word' id='word_1_68' title='bbox 1012 1680 1214 1722; x_wconf 82' lang='lat' dir='ltr'><strong>Senecae</strong></span> <span class='ocrx_word' id='word_1_69' title='bbox 1238 1695 1378 1736; x_wconf 89' lang='lat' dir='ltr'><strong>opera</strong></span> <span class='ocrx_word' id='word_1_70' title='bbox 1395 1696 1495 1724; x_wconf 86' lang='lat' dir='ltr'><strong>reus</strong></span> <span class='ocrx_word' id='word_1_71' title='bbox 1514 1683 1672 1733; x_wconf 88' lang='lat' dir='ltr'><strong>factus,</strong></span> 
     </span>
     <span class='ocr_line' id='line_1_11' title="bbox 10 1755 1671 1816; baseline 0.004 -18"><span class='ocrx_word' id='word_1_72' title='bbox 10 1755 263 1813; x_wconf 34' lang='lat' dir='ltr'><strong>&amp;primum</strong></span> <span class='ocrx_word' id='word_1_73' title='bbox 305 1772 353 1799; x_wconf 91' lang='lat' dir='ltr'><strong>se</strong></span> <span class='ocrx_word' id='word_1_74' title='bbox 395 1760 439 1800; x_wconf 89' lang='lat' dir='ltr'><strong>in</strong></span> <span class='ocrx_word' id='word_1_75' title='bbox 483 1760 695 1801; x_wconf 89' lang='lat' dir='ltr'><strong>omnibus</strong></span> <span class='ocrx_word' id='word_1_76' title='bbox 739 1761 874 1802; x_wconf 92' lang='lat' dir='ltr'><strong>rebus</strong></span> <span class='ocrx_word' id='word_1_77' title='bbox 917 1761 1107 1803; x_wconf 91' lang='lat' dir='ltr'><strong>Claudio</strong></span> <span class='ocrx_word' id='word_1_78' title='bbox 1141 1762 1342 1816; x_wconf 89' lang='lat' dir='ltr'><strong>paruisse</strong></span> <span class='ocrx_word' id='word_1_79' title='bbox 1375 1763 1540 1813; x_wconf 88' lang='lat' dir='ltr'><strong>aiebat,</strong></span> <span class='ocrx_word' id='word_1_80' title='bbox 1574 1769 1671 1805; x_wconf 91' lang='lat' dir='ltr'><strong>tum</strong></span> 
     </span>
     <span class='ocr_line' id='line_1_12' title="bbox 15 1837 1671 1898; baseline 0.004 -19"><span class='ocrx_word' id='word_1_81' title='bbox 15 1857 24 1886; x_wconf 72' lang='lat'><strong>-5</strong></span> <span class='ocrx_word' id='word_1_82' title='bbox 64 1837 183 1880; x_wconf 88' lang='lat' dir='ltr'><strong>iussa</strong></span> <span class='ocrx_word' id='word_1_83' title='bbox 215 1838 486 1881; x_wconf 86' lang='lat' dir='ltr'><strong>Messalinae</strong></span> <span class='ocrx_word' id='word_1_84' title='bbox 519 1841 866 1894; x_wconf 81' lang='lat' dir='ltr'><strong>praetendebat.</strong></span> <span class='ocrx_word' id='word_1_85' title='bbox 902 1842 990 1883; x_wconf 93' lang='lat' dir='ltr'><strong>Hic</strong></span> <span class='ocrx_word' id='word_1_86' title='bbox 1023 1843 1267 1883; x_wconf 88' lang='lat' dir='ltr'><strong>adversarii</strong></span> <span class='ocrx_word' id='word_1_87' title='bbox 1304 1843 1400 1884; x_wconf 86' lang='lat' dir='ltr'><strong>eius</strong></span> <span class='ocrx_word' id='word_1_88' title='bbox 1427 1844 1671 1898; x_wconf 87' lang='lat' dir='ltr'><strong>rogabant:</strong></span> 
     </span>
     <span class='ocr_line' id='line_1_13' title="bbox 128 1921 1673 1978; baseline 0.004 -18"><span class='ocrx_word' id='word_1_89' title='bbox 128 1932 232 1971; x_wconf 86' lang='lat' dir='ltr'><strong>„cur</strong></span> <span class='ocrx_word' id='word_1_90' title='bbox 263 1921 492 1962; x_wconf 89' lang='lat' dir='ltr'><strong>neminem</strong></span> <span class='ocrx_word' id='word_1_91' title='bbox 525 1921 662 1962; x_wconf 92' lang='lat' dir='ltr'><strong>alium</strong></span> <span class='ocrx_word' id='word_1_92' title='bbox 695 1922 924 1964; x_wconf 92' lang='lat' dir='ltr'><strong>delectum</strong></span> <span class='ocrx_word' id='word_1_93' title='bbox 957 1923 1034 1976; x_wconf 93' lang='lat' dir='ltr'><strong>qui</strong></span> <span class='ocrx_word' id='word_1_94' title='bbox 1061 1924 1282 1965; x_wconf 85' lang='lat' dir='ltr'><strong>saevienti</strong></span> <span class='ocrx_word' id='word_1_95' title='bbox 1309 1924 1566 1978; x_wconf 88' lang='lat' dir='ltr'><strong>impudicae</strong></span> <span class='ocrx_word' id='word_1_96' title='bbox 1597 1939 1673 1966; x_wconf 94' lang='lat' dir='ltr'><strong>vo-</strong></span> 
     </span>
     <span class='ocr_line' id='line_1_14' title="bbox 22 2000 496 2061; baseline 0.002 -18.983"><span class='ocrx_word' id='word_1_97' title='bbox 22 2018 25 2061; x_wconf 39' lang='grc' dir='ltr'>ζ</span> <span class='ocrx_word' id='word_1_98' title='bbox 63 2013 163 2043; x_wconf 90' lang='lat' dir='ltr'><strong>cem</strong></span> <span class='ocrx_word' id='word_1_99' title='bbox 196 2001 439 2056; x_wconf 87' lang='lat' dir='ltr'><strong>praeberet</strong></span> <span class='ocrx_word' id='word_1_100' title='bbox 452 2000 496 2042; x_wconf 85' lang='lat'><strong>?’&#39;</strong></span> 
     </span>
    </p>

    <p class='ocr_par' dir='ltr' id='par_1_5' title="bbox 2 2071 411 2136">
     <span class='ocr_line' id='line_1_15' title="bbox 60 2081 411 2136; baseline -0.002 -12.142"><span class='ocrx_word' id='word_1_101' title='bbox 60 2081 411 2136; x_wconf 85' lang='lat' dir='ltr'><strong>addebantque:</strong></span> 
     </span>
    </p>

    <p class='ocr_par' dir='ltr' id='par_1_6' title="bbox 11 2143 1668 2301">
     <span class='ocr_line' id='line_1_16' title="bbox 11 2143 1668 2222; baseline 0.002 -19"><span class='ocrx_word' id='word_1_102' title='bbox 11 2143 23 2222; x_wconf 21' lang='grc' dir='ltr'><em>Σ</em></span> <span class='ocrx_word' id='word_1_103' title='bbox 126 2163 408 2218; x_wconf 89' lang='lat' dir='ltr'><strong>„puniendos</strong></span> <span class='ocrx_word' id='word_1_104' title='bbox 441 2176 590 2204; x_wconf 91' lang='lat' dir='ltr'><strong>rerum</strong></span> <span class='ocrx_word' id='word_1_105' title='bbox 621 2164 844 2205; x_wconf 90' lang='lat' dir='ltr'><strong>atrocium</strong></span> <span class='ocrx_word' id='word_1_106' title='bbox 878 2163 1120 2214; x_wconf 85' lang='lat' dir='ltr'><strong>ministros,</strong></span> <span class='ocrx_word' id='word_1_107' title='bbox 1156 2164 1233 2205; x_wconf 94' lang='lat' dir='ltr'><strong>ubi</strong></span> <span class='ocrx_word' id='word_1_108' title='bbox 1268 2165 1414 2219; x_wconf 88' lang='lat' dir='ltr'><strong>pretia</strong></span> <span class='ocrx_word' id='word_1_109' title='bbox 1448 2165 1668 2206; x_wconf 88' lang='lat' dir='ltr'><strong>scelerum</strong></span> 
     </span>
     <span class='ocr_line' id='line_1_17' title="bbox 21 2242 970 2301; baseline 0 -17"><span class='ocrx_word' id='word_1_110' title='bbox 21 2293 26 2301; x_wconf 20' lang='lat' dir='ltr'><em>A</em></span> <span class='ocrx_word' id='word_1_111' title='bbox 60 2242 217 2297; x_wconf 90' lang='lat' dir='ltr'><strong>adepti</strong></span> <span class='ocrx_word' id='word_1_112' title='bbox 249 2243 419 2285; x_wconf 90' lang='lat' dir='ltr'><strong>scelera</strong></span> <span class='ocrx_word' id='word_1_113' title='bbox 452 2243 550 2298; x_wconf 89' lang='lat' dir='ltr'><strong>ipsa</strong></span> <span class='ocrx_word' id='word_1_114' title='bbox 582 2244 679 2285; x_wconf 89' lang='lat' dir='ltr'><strong>aliis</strong></span> <span class='ocrx_word' id='word_1_115' title='bbox 712 2243 970 2298; x_wconf 84' lang='lat' dir='ltr'><strong>delegent”.</strong></span> 
     </span>
    </p>

    <p class='ocr_par' dir='ltr' id='par_1_7' title="bbox 14 2322 1666 2860">
     <span class='ocr_line' id='line_1_18' title="bbox 14 2322 1665 2378; baseline 0.002 -14"><span class='ocrx_word' id='word_1_116' title='bbox 14 2374 20 2376; x_wconf 83' lang='lat'><em>.</em></span> <span class='ocrx_word' id='word_1_117' title='bbox 119 2322 271 2365; x_wconf 86' lang='lat' dir='ltr'><strong>Primo</strong></span> <span class='ocrx_word' id='word_1_118' title='bbox 313 2329 501 2378; x_wconf 88' lang='lat' dir='ltr'><strong>aspectu</strong></span> <span class='ocrx_word' id='word_1_119' title='bbox 543 2324 694 2365; x_wconf 89' lang='lat' dir='ltr'><strong>inania</strong></span> <span class='ocrx_word' id='word_1_120' title='bbox 735 2324 808 2364; x_wconf 92' lang='lat' dir='ltr'><strong>hic</strong></span> <span class='ocrx_word' id='word_1_121' title='bbox 852 2323 1041 2365; x_wconf 90' lang='lat' dir='ltr'><strong>fundere</strong></span> <span class='ocrx_word' id='word_1_122' title='bbox 1081 2325 1220 2365; x_wconf 90' lang='lat' dir='ltr'><strong>verba</strong></span> <span class='ocrx_word' id='word_1_123' title='bbox 1254 2325 1434 2366; x_wconf 90' lang='lat' dir='ltr'><strong>videtur</strong></span> <span class='ocrx_word' id='word_1_124' title='bbox 1467 2325 1665 2376; x_wconf 90' lang='lat' dir='ltr'><strong>Tacitus,</strong></span> 
     </span>
     <span class='ocr_line' id='line_1_19' title="bbox 15 2403 1666 2460; baseline 0.001 -16"><span class='ocrx_word' id='word_1_125' title='bbox 15 2447 17 2450; x_wconf 64' lang='grc'>,</span> <span class='ocrx_word' id='word_1_126' title='bbox 59 2415 165 2444; x_wconf 88' lang='lat' dir='ltr'><strong>nam</strong></span> <span class='ocrx_word' id='word_1_127' title='bbox 193 2403 293 2457; x_wconf 91' lang='lat' dir='ltr'><strong>quis</strong></span> <span class='ocrx_word' id='word_1_128' title='bbox 319 2404 522 2446; x_wconf 83' lang='lat' dir='ltr'><strong>minister</strong></span> <span class='ocrx_word' id='word_1_129' title='bbox 547 2418 639 2445; x_wconf 89' lang='lat' dir='ltr'><strong>non</strong></span> <span class='ocrx_word' id='word_1_130' title='bbox 668 2410 910 2457; x_wconf 89' lang='lat' dir='ltr'><strong>utrumque</strong></span> <span class='ocrx_word' id='word_1_131' title='bbox 936 2403 1067 2445; x_wconf 89' lang='lat' dir='ltr'><strong>facit?</strong></span> <span class='ocrx_word' id='word_1_132' title='bbox 1095 2404 1155 2445; x_wconf 90' lang='lat' dir='ltr'><strong>Et</strong></span> <span class='ocrx_word' id='word_1_133' title='bbox 1185 2405 1308 2458; x_wconf 90' lang='lat' dir='ltr'><strong>quod</strong></span> <span class='ocrx_word' id='word_1_134' title='bbox 1327 2405 1402 2446; x_wconf 92' lang='lat' dir='ltr'><strong>illa</strong></span> <span class='ocrx_word' id='word_1_135' title='bbox 1420 2406 1666 2460; x_wconf 87' lang='lat' dir='ltr'><strong>descriptio</strong></span> 
     </span>
     <span class='ocr_line' id='line_1_20' title="bbox 16 2482 1664 2539; baseline 0.001 -15"><span class='ocrx_word' id='word_1_136' title='bbox 16 2514 23 2533; x_wconf 46' lang='lat'><em>2</em></span> <span class='ocrx_word' id='word_1_137' title='bbox 58 2482 380 2530; x_wconf 90' lang='lat' dir='ltr'><strong>coniunctione</strong></span> <span class='ocrx_word' id='word_1_138' title='bbox 413 2483 488 2525; x_wconf 82' lang='lat' dir='ltr'><strong><em>ubz·</em></strong></span> <span class='ocrx_word' id='word_1_139' title='bbox 517 2484 775 2525; x_wconf 90' lang='lat' dir='ltr'><strong>annectitur</strong></span> <span class='ocrx_word' id='word_1_140' title='bbox 802 2484 1196 2538; x_wconf 85' lang='lat' dir='ltr'><strong>praecedentibus,</strong></span> <span class='ocrx_word' id='word_1_141' title='bbox 1227 2484 1313 2525; x_wconf 94' lang='lat' dir='ltr'><strong>hoc</strong></span> <span class='ocrx_word' id='word_1_142' title='bbox 1342 2485 1563 2539; x_wconf 88' lang='lat' dir='ltr'><strong>imprimis</strong></span> <span class='ocrx_word' id='word_1_143' title='bbox 1587 2486 1664 2527; x_wconf 88' lang='lat' dir='ltr'><strong>ab·</strong></span> 
     </span>
     <span class='ocr_line' id='line_1_21' title="bbox 21 2544 1661 2620; baseline 0.002 -16"><span class='ocrx_word' id='word_1_144' title='bbox 21 2544 242 2611; x_wconf 54' lang='lat' dir='ltr'><strong>{surdum</strong></span> <span class='ocrx_word' id='word_1_145' title='bbox 284 2563 478 2605; x_wconf 88' lang='lat' dir='ltr'><strong>videtur.</strong></span> <span class='ocrx_word' id='word_1_146' title='bbox 523 2563 628 2613; x_wconf 89' lang='lat' dir='ltr'><strong>Sed,</strong></span> <span class='ocrx_word' id='word_1_147' title='bbox 674 2565 710 2605; x_wconf 86' lang='lat' dir='ltr'><strong>si</strong></span> <span class='ocrx_word' id='word_1_148' title='bbox 755 2569 877 2605; x_wconf 90' lang='lat' dir='ltr'><strong>recte</strong></span> <span class='ocrx_word' id='word_1_149' title='bbox 920 2564 1069 2613; x_wconf 90' lang='lat' dir='ltr'><strong>video,</strong></span> <span class='ocrx_word' id='word_1_150' title='bbox 1115 2563 1226 2604; x_wconf 92' lang='lat' dir='ltr'><strong>haec</strong></span> <span class='ocrx_word' id='word_1_151' title='bbox 1270 2570 1546 2615; x_wconf 85' lang='lat' dir='ltr'><strong>senatorum,</strong></span> <span class='ocrx_word' id='word_1_152' title='bbox 1585 2567 1661 2620; x_wconf 92' lang='lat' dir='ltr'><strong>qui</strong></span> 
     </span>
     <span class='ocr_line' id='line_1_22' title="bbox 57 2642 1660 2698; baseline 0.002 -13.925"><span class='ocrx_word' id='word_1_153' title='bbox 57 2642 143 2684; x_wconf 90' lang='lat' dir='ltr'><strong>ista</strong></span> <span class='ocrx_word' id='word_1_154' title='bbox 173 2643 344 2694; x_wconf 90' lang='lat' dir='ltr'><strong>dicunt,</strong></span> <span class='ocrx_word' id='word_1_155' title='bbox 379 2657 506 2685; x_wconf 92' lang='lat' dir='ltr'><strong>mens</strong></span> <span class='ocrx_word' id='word_1_156' title='bbox 537 2649 630 2685; x_wconf 88' lang='lat' dir='ltr'><strong>est:</strong></span> <span class='ocrx_word' id='word_1_157' title='bbox 669 2643 912 2698; x_wconf 88' lang='lat' dir='ltr'><strong>„puniendi</strong></span> <span class='ocrx_word' id='word_1_158' title='bbox 946 2649 1051 2683; x_wconf 89' lang='lat' dir='ltr'><strong>sunt</strong></span> <span class='ocrx_word' id='word_1_159' title='bbox 1084 2643 1290 2693; x_wconf 87' lang='lat' dir='ltr'><strong>ministri,</strong></span> <span class='ocrx_word' id='word_1_160' title='bbox 1324 2644 1398 2686; x_wconf 80' lang='lat' dir='ltr'><strong>ubi</strong></span> <span class='ocrx_word' id='word_1_161' title='bbox 1427 2646 1472 2686; x_wconf 84' lang='lat' dir='ltr'><strong>z&#39;n</strong></span> <span class='ocrx_word' id='word_1_162' title='bbox 1500 2646 1660 2687; x_wconf 78' lang='lat' dir='ltr'><strong>iudicio</strong></span> 
     </span>
     <span class='ocr_line' id='line_1_23' title="bbox 24 2724 1660 2780; baseline 0.003 -16.97"><span class='ocrx_word' id='word_1_163' title='bbox 24 2733 26 2736; x_wconf 88' lang='grc'><em>·</em></span> <span class='ocrx_word' id='word_1_164' title='bbox 54 2727 246 2780; x_wconf 82' lang='lat' dir='ltr'><strong>apparet</strong></span> <span class='ocrx_word' id='word_1_165' title='bbox 285 2726 526 2779; x_wconf 90' lang='lat' dir='ltr'><strong>pecuniam</strong></span> <span class='ocrx_word' id='word_1_166' title='bbox 567 2725 754 2779; x_wconf 90' lang='lat' dir='ltr'><strong>quidem</strong></span> <span class='ocrx_word' id='word_1_167' title='bbox 798 2738 876 2765; x_wconf 87' lang='lat' dir='ltr'><strong>eos</strong></span> <span class='ocrx_word' id='word_1_168' title='bbox 918 2724 1162 2778; x_wconf 89' lang='lat' dir='ltr'><strong>accepisse,</strong></span> <span class='ocrx_word' id='word_1_169' title='bbox 1206 2725 1285 2765; x_wconf 90' lang='lat' dir='ltr'><strong>sed</strong></span> <span class='ocrx_word' id='word_1_170' title='bbox 1330 2725 1453 2766; x_wconf 90' lang='lat' dir='ltr'><strong>nullo</strong></span> <span class='ocrx_word' id='word_1_171' title='bbox 1490 2726 1579 2767; x_wconf 90' lang='lat' dir='ltr'><strong>alio</strong></span> <span class='ocrx_word' id='word_1_172' title='bbox 1612 2741 1660 2768; x_wconf 92' lang='lat' dir='ltr'><strong>se</strong></span> 
     </span>
     <span class='ocr_line' id='line_1_24' title="bbox 20 2804 1500 2860; baseline 0 -13"><span class='ocrx_word' id='word_1_173' title='bbox 20 2826 23 2827; x_wconf 41' lang='lat'><em>⁷</em></span> <span class='ocrx_word' id='word_1_174' title='bbox 54 2811 324 2860; x_wconf 83' lang='lat' dir='ltr'><strong>argumento</strong></span> <span class='ocrx_word' id='word_1_175' title='bbox 357 2805 604 2847; x_wconf 89' lang='lat' dir='ltr'><strong>defendere</strong></span> <span class='ocrx_word' id='word_1_176' title='bbox 636 2807 769 2860; x_wconf 86' lang='lat' dir='ltr'><strong>posse</strong></span> <span class='ocrx_word' id='word_1_177' title='bbox 802 2818 939 2859; x_wconf 89' lang='lat' dir='ltr'><strong>quam</strong></span> <span class='ocrx_word' id='word_1_178' title='bbox 973 2805 1096 2858; x_wconf 90' lang='lat' dir='ltr'><strong>quod</strong></span> <span class='ocrx_word' id='word_1_179' title='bbox 1129 2805 1234 2845; x_wconf 90' lang='lat' dir='ltr'><strong>iussi</strong></span> <span class='ocrx_word' id='word_1_180' title='bbox 1268 2804 1500 2847; x_wconf 88' lang='lat' dir='ltr'><strong>fecerint’&#39;.</strong></span> 
     </span>
    </p>

    <p class='ocr_par' dir='ltr' id='par_1_8' title="bbox 18 2886 1659 3022">
     <span class='ocr_line' id='line_1_25' title="bbox 114 2886 1659 2937; baseline 0.001 -9"><span class='ocrx_word' id='word_1_181' title='bbox 114 2886 173 2928; x_wconf 91' lang='lat' dir='ltr'><strong>A.</strong></span> <span class='ocrx_word' id='word_1_182' title='bbox 208 2887 336 2937; x_wconf 89' lang='lat' dir='ltr'><strong>XIV,</strong></span> <span class='ocrx_word' id='word_1_183' title='bbox 377 2898 441 2928; x_wconf 88' lang='lat'><strong>12.</strong></span> <span class='ocrx_word' id='word_1_184' title='bbox 485 2887 810 2929; x_wconf 86' lang='lat' dir='ltr'><strong>Abiectissima</strong></span> <span class='ocrx_word' id='word_1_185' title='bbox 851 2886 1113 2927; x_wconf 89' lang='lat' dir='ltr'><strong>adulatione</strong></span> <span class='ocrx_word' id='word_1_186' title='bbox 1156 2892 1389 2928; x_wconf 87' lang='lat' dir='ltr'><strong>senatores</strong></span> <span class='ocrx_word' id='word_1_187' title='bbox 1433 2894 1659 2929; x_wconf 89' lang='lat' dir='ltr'><strong>mortuam</strong></span> 
     </span>
     <span class='ocr_line' id='line_1_26' title="bbox 18 2956 1178 3022; baseline -0.002 -15"><span class='ocrx_word' id='word_1_188' title='bbox 18 2958 34 3009; x_wconf 75' lang='grc' dir='ltr'><strong>ἰ,</strong></span> <span class='ocrx_word' id='word_1_189' title='bbox 54 2965 358 3022; x_wconf 84' lang='lat' dir='ltr'><strong>Agrippinam</strong></span> <span class='ocrx_word' id='word_1_190' title='bbox 393 2968 515 3008; x_wconf 90' lang='lat' dir='ltr'><strong>omni</strong></span> <span class='ocrx_word' id='word_1_191' title='bbox 550 2968 827 3008; x_wconf 90' lang='lat' dir='ltr'><strong>contumelia</strong></span> <span class='ocrx_word' id='word_1_192' title='bbox 860 2967 1080 3007; x_wconf 85' lang='lat' dir='ltr'><strong>afficiunt:</strong></span> <span class='ocrx_word' id='word_1_193' title='bbox 1173 2956 1178 2960; x_wconf 58' lang='grc'><strong>’</strong></span> 
     </span>
    </p>
   </div>
  </div>
 </body>
</html>
