2040 3412
1079 301 1163 341 282

302 418 571 460 'cohortes”:
619 418 823 460 literulae
869 432 895 460 a
943 419 1075 460 nobis
1119 397 1358 474 suppletae
1406 419 1536 461 facile
1582 420 1793 463 excidere
1838 395 1981 477 ptr-⁶²75?

326 504 523 540 tuerunt.

386 579 443 620 H.
479 580 560 629 ΙΙΙ,
593 580 664 621 66.
703 580 940 633 „Vitellius
971 579 1096 634 ipse”
1130 581 1193 621 sic
1225 579 1317 621 fere
1349 579 1534 621 Tacitus
1565 580 1765 635 loquitur
1801 581 1925 636 „sine
1950 596 1952 598 ·

327 658 417 700 ullo
460 660 707 701 certamine
749 659 1034 714 Vespasiano
1075 660 1232 701 cessit:
1275 673 1302 700 0
1346 660 1521 701 utinam
1564 661 1725 703 eadem
1767 661 1942 707 fuisset&
1972 692 1980 719 4,

326 739 529 780 omnium
557 739 907 781 Vitellianorum
935 753 1075 788 mens,
1105 745 1276 793 quanta
1301 739 1536 781 hominum
1563 745 1736 795 strages
1753 741 1924 785 evitata
1958 747 1962 757 “

328 819 505 860 fuisset!
549 818 615 860 At
653 833 744 861 non
777 833 831 861 ea
863 819 946 861 fuit
979 817 1363 874 populi'Romani
1396 818 1628 861 felicitas.”
1661 819 1923 876 Sequuntur
1954 802 1984 854 '-

326 898 438 941 haec
470 898 609 953 ipsius
641 898 803 940 verba:
1155 958 1159 962 ι
1963 883 1985 887 ’Ἴ

388 977 627 1032 „Ceterum
661 984 710 1020 ut
742 979 933 1033 quisque
965 971 1154 1021 Vitellio
1187 978 1317 1030 fidus,
1345 979 1408 1021 ita
1436 992 1597 1034 pacem
1624 985 1672 1022 et
1697 979 1920 1023 conditio·

323 1071 403 1099 nes
444 1058 721 1109 abnuebant,
766 1059 1008 1112 discrimen
1051 1072 1103 1100 ac
1146 1059 1345 1101 dedecus
1387 1065 1670 1102 ostentantes
1702 1065 1749 1102 et
1780 1059 1918 1103 fidem

322 1138 367 1178 in
409 1137 598 1179 libidine
640 1139 838 1180 victoris.
885 1139 982 1181 Nec
1024 1144 1201 1181 tantam
1242 1139 1528 1195 Vespasiano
1565 1141 1838 1196 superbiam,
1868 1146 1923 1184 ut

322 1218 550 1272 privatum
583 1218 820 1260 Vitellium
855 1200 1108 1274 pateretur:
1143 1233 1199 1261 ne
1234 1220 1381 1262 victos
1413 1220 1599 1275 quidem
1631 1220 1824 1272 laturos3
1858 1221 1924 1267 ita
1958 1223 1986 1282 ζ’

323 1298 573 1352 periculum
606 1313 664 1340 ex
696 1299 1050 1341 misericordia.’²
1862 1303 1863 1306 ’
1955 1288 1989 1294 Ἀ

384 1378 695 1420 Misericordia
738 1379 809 1420 hic
852 1379 997 1433 qualis
1039 1380 1097 1421 sit
1138 1379 1436 1434 intelligenda
1476 1386 1668 1436 apparet
1710 1395 1736 1424 e
1767 1395 1806 1424 c·
1841 1381 1922 1437 58:

326 1458 555 1512 „plerique
603 1458 721 1500 haud
773 1459 965 1513 proinde
1014 1459 1250 1501 Vitellium
1298 1474 1435 1515 quam
1483 1474 1637 1503 casum
1677 1444 1990 1523 locumque

322 1539 602 1594 principatus
630 1539 1002 1582 miserabantur.”
1030 1540 1336 1595 Cogitandum
1363 1554 1471 1596 ergo
1489 1546 1558 1583 est
1574 1542 1632 1584 de
1659 1541 1919 1595 Vitellianis,

321 1633 435 1673 quos
476 1620 652 1674 imperii
687 1620 922 1662 Vitelliani
965 1621 1130 1663 deiecti
1173 1622 1398 1671 misereat,
1431 1622 1599 1676 quique
1631 1635 1740 1677 ergo
1771 1622 1918 1666 iacere
1986 1603 1989 1606 Δ

321 1699 430 1740 illud
459 1713 550 1741 non
580 1701 670 1742 sint
697 1701 869 1754 passuri
896 1702 977 1742 sed
1005 1701 1175 1755 erigere
1204 1702 1409 1742 conaturi
1438 1702 1542 1756 („ne
1569 1702 1715 1744 victos
1731 1703 1917 1758 quidem
1970 1735 1995 1758 ,

321 1779 551 1835 laturos”).
597 1780 766 1822 Nostro
807 1786 961 1822 autem
1003 1781 1105 1822 loco
1148 1782 1253 1822 inde
1298 1795 1325 1822 a
1357 1794 1471 1823 voce
1503 1782 1567 1824 ita
1599 1788 1920 1838 exspectamus

321 1861 630 1902 conclusionem
679 1861 909 1914 quandam
957 1874 1113 1902 eorum
1155 1874 1272 1915 quae
1317 1861 1620 1916 praecedunt:
1668 1875 1723 1904 ea
1764 1868 1916 1905 autem
1971 1851 2005 1896 ’ὲ

320 1940 538 1995 bipartito
580 1945 686 1982 sunt
724 1940 891 1982 divisa:
924 1941 1072 1995 agitur
1104 1941 1224 1982 enim
1257 1946 1303 1982 et
1336 1941 1394 1982 de
1427 1941 1712 1996 Vespasiano
1745 1941 1917 1985 victore
1985 1967 1997 2007 {⁴

321 2026 366 2061 et
409 2021 467 2062 de
499 2021 645 2062 victis.
679 2021 746 2062 At
776 2021 979 2075 sequitur
1009 2020 1179 2075 aliquid
1212 2022 1350 2075 quod,
1385 2027 1435 2063 ut
1466 2021 1673 2072 vidimus,
1707 2022 1766 2064 ad
1796 2021 1919 2066 solos
1975 2010 1999 2082 f

332 2100 587 2143 Vitellianos
618 2101 866 2155 pertineat:
901 2101 1151 2156 periculum
1185 2115 1243 2142 ex
1276 2102 1606 2144 misericordia:
1638 2102 1918 2158 principatus
1979 2102 1982 2105 ’

321 2180 508 2235 collapsi
542 2181 850 2222 misericordia
882 2181 1155 2222 Vitellianos
1188 2194 1242 2222 eo
1275 2181 1473 2223 adducet
1505 2187 1555 2223 ut
1587 2182 1739 2224 denuo
1771 2181 1917 2225 Vitel—
1979 2195 1999 2243 ,j-

318 2260 426 2302 lium
470 2261 528 2302 ad
572 2261 824 2315 principem
866 2260 1016 2302 locum
1059 2261 1274 2302 reducere
1315 2266 1549 2311 conentur,
1581 2266 1719 2316 atque
1749 2262 1816 2304 sic
1842 2248 1933 2304 ille
1979 2251 1995 2301 Ϊ

321 2341 484 2382 iterum
527 2341 647 2382 vitae
690 2341 836 2382 adibit
878 2340 1141 2395 periculum.
1185 2340 1422 2382 Excidisse
1455 2354 1576 2395 ergo,
1611 2353 1717 2383 nam
1749 2340 1796 2382 in
1827 2341 1917 2384 isto
1968 2357 2001 2397 >>μ

325 2421 412 2473 „ita
445 2420 694 2475 periculum
728 2435 786 2461 ex
819 2419 1155 2462 misericordia”
1188 2420 1470 2462 desideratur
1501 2419 1671 2474 aliquid
1704 2420 1829 2474 quod
1855 2421 1915 2463 ad
1984 2404 2001 2451 [

319 2501 561 2542 Flavianos
587 2501 826 2555 pertineat,
855 2500 1080 2554 quaedam
1108 2513 1286 2549 censeo,
1315 2504 1362 2540 et
1387 2499 1595 2541 lacunam
1619 2500 1684 2541 sic
1700 2498 1913 2555 suppleo:
1990 2519 2009 2554 j

323 2581 411 2633 „ita
454 2580 702 2634 periculum
745 2579 791 2621 et
833 2593 858 2620 e
901 2585 1025 2621 metu
1068 2579 1114 2621 et
1156 2592 1180 2620 e
1214 2579 1573 2620 misericordia”:
1606 2579 1915 2634 Vespasianus
1959 2598 1971 2615 τ
1992 2595 1994 2598 ’

320 2667 443 2702 metu
486 2662 648 2702 ductus
691 2660 927 2702 Vitellium
959 2660 1260 2701 occidendum
1293 2660 1482 2710 curabit,
1517 2658 1751 2702 Vitelliani
1784 2659 1916 2701 mise-

319 2741 512 2782 ricordia
545 2741 657 2782 moti
691 2741 886 2782 eundem
920 2741 964 2782 in
998 2741 1119 2782 vitae
1150 2742 1380 2783 adducent
1413 2741 1668 2782 discrimen.

381 2900 439 2941 H.
473 2901 554 2950 III,
588 2910 658 2955 72.
704 2902 774 2943 De
813 2901 1028 2956 Capitolii
1060 2902 1271 2943 incendio
1303 2901 1415 2943 haec
1447 2901 1632 2943 Tacitus
1662 2900 1912 2943 exclamat:

383 2980 461 3031 „Id
505 2980 676 3021 facinus
710 2987 814 3034 post
847 2982 1078 3022 conditam
1107 2982 1265 3023 urbem
1297 2982 1677 3023 luctuosissimum
1709 2980 1912 3023 foedissi·
2001 2962 2012 2975 λ’
