<?xml version="1.0" encoding="UTF-8"?>
<!DOCTYPE html PUBLIC "-//W3C//DTD XHTML 1.0 Transitional//EN"
    "http://www.w3.org/TR/xhtml1/DTD/xhtml1-transitional.dtd">
<html xmlns="http://www.w3.org/1999/xhtml" xml:lang="en" lang="en">
 <head>
  <title>
</title>
<meta http-equiv="Content-Type" content="text/html;charset=utf-8" />
  <meta name='ocr-system' content='tesseract 3.04.00' />
  <meta name='ocr-capabilities' content='ocr_page ocr_carea ocr_par ocr_line ocrx_word'/>
</head>
<body>
  <div class='ocr_page' id='page_1' title='image "analectatacitea00hartuoft_0058.png"; bbox 0 0 2040 3412; ppageno 0'>
   <div class='ocr_carea' id='block_1_1' title="bbox 1084 319 1139 363">
    <p class='ocr_par' dir='ltr' id='par_1_1' title="bbox 1084 319 1139 363">
     <span class='ocr_line' id='line_1_1' title="bbox 1084 319 1139 363; baseline 0 -11"><span class='ocrx_word' id='word_1_1' title='bbox 1084 319 1139 363; x_wconf 85' lang='grc'>50</span> 
     </span>
    </p>
   </div>
   <div class='ocr_carea' id='block_1_2' title="bbox 1906 0 2036 3412">
    <p class='ocr_par' dir='ltr' id='par_1_2' title="bbox 1906 0 2036 3412">
     <span class='ocr_line' id='line_1_2' title="bbox 1906 0 2036 512; baseline 0 -113"><span class='ocrx_word' id='word_1_2' title='bbox 1906 0 2036 512; x_wconf 95' lang='lat' dir='ltr'>   </span> 
     </span>
     <span class='ocr_line' id='line_1_3' title="bbox 1910 512 2036 589; baseline 0 0"><span class='ocrx_word' id='word_1_3' title='bbox 1910 512 2036 589; x_wconf 95' lang='lat' dir='ltr'>  </span> 
     </span>
     <span class='ocr_line' id='line_1_4' title="bbox 1910 589 2036 749; baseline 0 -109"><span class='ocrx_word' id='word_1_4' title='bbox 1910 589 2036 749; x_wconf 95' lang='lat' dir='ltr'>    </span> 
     </span>
     <span class='ocr_line' id='line_1_5' title="bbox 1906 749 2036 992; baseline 0 -116"><span class='ocrx_word' id='word_1_5' title='bbox 1906 749 2036 992; x_wconf 95' lang='lat' dir='ltr'>   </span> 
     </span>
     <span class='ocr_line' id='line_1_6' title="bbox 1913 992 2036 1141; baseline 0 -21"><span class='ocrx_word' id='word_1_6' title='bbox 1913 992 2036 1141; x_wconf 95' lang='lat' dir='ltr'>    </span> 
     </span>
     <span class='ocr_line' id='line_1_7' title="bbox 1906 1141 2036 1277; baseline 0 -48"><span class='ocrx_word' id='word_1_7' title='bbox 1906 1141 2036 1277; x_wconf 95' lang='lat' dir='ltr'>  </span> 
     </span>
     <span class='ocr_line' id='line_1_8' title="bbox 1906 1277 2036 1437; baseline 0 -47"><span class='ocrx_word' id='word_1_8' title='bbox 1906 1277 2036 1437; x_wconf 95' lang='lat' dir='ltr'>  </span> 
     </span>
     <span class='ocr_line' id='line_1_9' title="bbox 1917 1437 2036 1627; baseline 0 -30"><span class='ocrx_word' id='word_1_9' title='bbox 1917 1437 2036 1627; x_wconf 95' lang='lat' dir='ltr'>   </span> 
     </span>
     <span class='ocr_line' id='line_1_10' title="bbox 1917 1627 2036 1867; baseline 0 -109"><span class='ocrx_word' id='word_1_10' title='bbox 1917 1627 2036 1867; x_wconf 95' lang='lat' dir='ltr'>    </span> 
     </span>
     <span class='ocr_line' id='line_1_11' title="bbox 1919 1867 2036 2030; baseline 0 -33"><span class='ocrx_word' id='word_1_11' title='bbox 1919 1867 2036 2030; x_wconf 95' lang='lat' dir='ltr'>   </span> 
     </span>
     <span class='ocr_line' id='line_1_12' title="bbox 1920 2030 2036 2190; baseline 0 -30"><span class='ocrx_word' id='word_1_12' title='bbox 1920 2030 2036 2190; x_wconf 95' lang='lat' dir='ltr'>   </span> 
     </span>
     <span class='ocr_line' id='line_1_13' title="bbox 1924 2190 2036 2351; baseline 0 -83"><span class='ocrx_word' id='word_1_13' title='bbox 1924 2190 2036 2351; x_wconf 95' lang='lat' dir='ltr'>  </span> 
     </span>
     <span class='ocr_line' id='line_1_14' title="bbox 1906 2351 2036 2589; baseline 0 -113"><span class='ocrx_word' id='word_1_14' title='bbox 1906 2351 2036 2589; x_wconf 95' lang='lat' dir='ltr'>   </span> 
     </span>
     <span class='ocr_line' id='line_1_15' title="bbox 1924 2589 2036 2670; baseline 0 0"><span class='ocrx_word' id='word_1_15' title='bbox 1924 2589 2036 2670; x_wconf 95' lang='lat' dir='ltr'>  </span> 
     </span>
     <span class='ocr_line' id='line_1_16' title="bbox 1906 2670 2036 2958; baseline 0 0"><span class='ocrx_word' id='word_1_16' title='bbox 1906 2670 2036 2958; x_wconf 95' lang='lat' dir='ltr'>   </span> 
     </span>
     <span class='ocr_line' id='line_1_17' title="bbox 1906 2958 2036 3412; baseline 0 -345"><span class='ocrx_word' id='word_1_17' title='bbox 1906 2958 2036 3412; x_wconf 95' lang='lat' dir='ltr'>  </span> 
     </span>
    </p>
   </div>
   <div class='ocr_carea' id='block_1_3' title="bbox 306 425 1990 2960">
    <p class='ocr_par' dir='ltr' id='par_1_3' title="bbox 306 415 1990 2960">
     <span class='ocr_line' id='line_1_18' title="bbox 306 425 1973 489; baseline -0.001 -21"><span class='ocrx_word' id='word_1_18' title='bbox 306 427 379 469; x_wconf 94' lang='lat' dir='ltr'>hic</span> <span class='ocrx_word' id='word_1_19' title='bbox 410 427 536 468; x_wconf 90' lang='lat' dir='ltr'>locus</span> <span class='ocrx_word' id='word_1_20' title='bbox 567 428 750 469; x_wconf 87' lang='lat' dir='ltr'>tractari</span> <span class='ocrx_word' id='word_1_21' title='bbox 784 433 951 482; x_wconf 87' lang='lat' dir='ltr'>potest,</span> <span class='ocrx_word' id='word_1_22' title='bbox 984 429 1061 483; x_wconf 91' lang='lat' dir='ltr'>qui</span> <span class='ocrx_word' id='word_1_23' title='bbox 1095 428 1258 483; x_wconf 90' lang='lat' dir='ltr'>legitur</span> <span class='ocrx_word' id='word_1_24' title='bbox 1287 429 1345 470; x_wconf 89' lang='lat' dir='ltr'>H.</span> <span class='ocrx_word' id='word_1_25' title='bbox 1375 429 1433 478; x_wconf 83' lang='grc' dir='ltr'>ΙΙ,</span> <span class='ocrx_word' id='word_1_26' title='bbox 1461 428 1531 483; x_wconf 91' lang='lat'>76,</span> <span class='ocrx_word' id='word_1_27' title='bbox 1562 441 1666 469; x_wconf 89' lang='lat' dir='ltr'>nam</span> <span class='ocrx_word' id='word_1_28' title='bbox 1695 427 1769 469; x_wconf 89' lang='lat' dir='ltr'>ille</span> <span class='ocrx_word' id='word_1_29' title='bbox 1797 425 1973 489; x_wconf 35' lang='lat' dir='ltr'>quoy}</span> 
     </span>
     <span class='ocr_line' id='line_1_19' title="bbox 308 492 1967 566; baseline 0.001 -18"><span class='ocrx_word' id='word_1_30' title='bbox 308 521 396 562; x_wconf 87' lang='lat' dir='ltr'>que</span> <span class='ocrx_word' id='word_1_31' title='bbox 440 508 551 548; x_wconf 91' lang='lat' dir='ltr'>vitio</span> <span class='ocrx_word' id='word_1_32' title='bbox 591 507 783 558; x_wconf 87' lang='lat' dir='ltr'>laborat,</span> <span class='ocrx_word' id='word_1_33' title='bbox 816 509 898 550; x_wconf 90' lang='lat' dir='ltr'>sed</span> <span class='ocrx_word' id='word_1_34' title='bbox 931 509 1043 550; x_wconf 92' lang='lat' dir='ltr'>vitio</span> <span class='ocrx_word' id='word_1_35' title='bbox 1075 509 1198 562; x_wconf 90' lang='lat' dir='ltr'>quod</span> <span class='ocrx_word' id='word_1_36' title='bbox 1233 508 1460 562; x_wconf 89' lang='lat' dir='ltr'>loquentis</span> <span class='ocrx_word' id='word_1_37' title='bbox 1493 512 1695 549; x_wconf 86' lang='lat' dir='ltr'><strong>mentem</strong></span> <span class='ocrx_word' id='word_1_38' title='bbox 1727 492 1967 566; x_wconf 41' lang='lat' dir='ltr'>egregios?</span> 
     </span>
     <span class='ocr_line' id='line_1_20' title="bbox 308 586 1984 643; baseline 0 -15"><span class='ocrx_word' id='word_1_39' title='bbox 308 586 487 628; x_wconf 89' lang='lat' dir='ltr'>referat.</span> <span class='ocrx_word' id='word_1_40' title='bbox 522 587 586 629; x_wconf 88' lang='lat' dir='ltr'>Ut</span> <span class='ocrx_word' id='word_1_41' title='bbox 619 588 806 630; x_wconf 89' lang='lat' dir='ltr'>tandem</span> <span class='ocrx_word' id='word_1_42' title='bbox 838 587 1084 643; x_wconf 90' lang='lat' dir='ltr'>aliquando</span> <span class='ocrx_word' id='word_1_43' title='bbox 1117 588 1357 642; x_wconf 85' lang='lat' dir='ltr'>imperium</span> <span class='ocrx_word' id='word_1_44' title='bbox 1389 587 1474 629; x_wconf 91' lang='lat' dir='ltr'><strong>sibi</strong></span> <span class='ocrx_word' id='word_1_45' title='bbox 1501 587 1604 628; x_wconf 88' lang='lat' dir='ltr'>fatis</span> <span class='ocrx_word' id='word_1_46' title='bbox 1633 587 1984 643; x_wconf 54' lang='lat' dir='ltr'>destinatumg¹⁴</span> 
     </span>
     <span class='ocr_line' id='line_1_21' title="bbox 308 665 1944 725; baseline 0.001 -18"><span class='ocrx_word' id='word_1_47' title='bbox 308 667 504 721; x_wconf 89' lang='lat' dir='ltr'>accipiat</span> <span class='ocrx_word' id='word_1_48' title='bbox 533 667 865 722; x_wconf 82' lang='lat' dir='ltr'>Vespasianum</span> <span class='ocrx_word' id='word_1_49' title='bbox 895 674 1051 710; x_wconf 90' lang='lat' dir='ltr'>monet</span> <span class='ocrx_word' id='word_1_50' title='bbox 1080 669 1328 710; x_wconf 84' lang='lat' dir='ltr'>Mucianus.</span> <span class='ocrx_word' id='word_1_51' title='bbox 1364 667 1508 721; x_wconf 85' lang='lat' dir='ltr'>„Satis</span> <span class='ocrx_word' id='word_1_52' title='bbox 1536 666 1641 709; x_wconf 91' lang='lat' dir='ltr'>diu’&#39;</span> <span class='ocrx_word' id='word_1_53' title='bbox 1669 667 1733 709; x_wconf 88' lang='lat' dir='ltr'>ait</span> <span class='ocrx_word' id='word_1_54' title='bbox 1762 665 1944 725; x_wconf 59' lang='lat' dir='ltr'>„quie-‘3²³</span> 
     </span>
     <span class='ocr_line' id='line_1_22' title="bbox 307 746 1988 814; baseline 0.001 -26"><span class='ocrx_word' id='word_1_55' title='bbox 307 747 410 788; x_wconf 87' lang='lat' dir='ltr'>visti</span> <span class='ocrx_word' id='word_1_56' title='bbox 444 753 490 788; x_wconf 90' lang='lat' dir='ltr'>et</span> <span class='ocrx_word' id='word_1_57' title='bbox 523 748 812 802; x_wconf 82' lang='lat' dir='ltr'>exspectasti,</span> <span class='ocrx_word' id='word_1_58' title='bbox 846 762 966 790; x_wconf 92' lang='lat' dir='ltr'>nunc</span> <span class='ocrx_word' id='word_1_59' title='bbox 998 749 1214 790; x_wconf 86' lang='lat' dir='ltr'>audacter</span> <span class='ocrx_word' id='word_1_60' title='bbox 1246 748 1474 802; x_wconf 90' lang='lat' dir='ltr'>agendum</span> <span class='ocrx_word' id='word_1_61' title='bbox 1506 747 1619 789; x_wconf 87' lang='lat' dir='ltr'>est”.</span> <span class='ocrx_word' id='word_1_62' title='bbox 1654 746 1782 789; x_wconf 92' lang='lat' dir='ltr'>Haec</span> <span class='ocrx_word' id='word_1_63' title='bbox 1812 755 1988 814; x_wconf 74' lang='lat' dir='ltr'>ipsa</span> 
     </span>
     <span class='ocr_line' id='line_1_23' title="bbox 309 827 1551 881; baseline 0.001 -13"><span class='ocrx_word' id='word_1_64' title='bbox 309 832 413 868; x_wconf 88' lang='lat' dir='ltr'>sunt</span> <span class='ocrx_word' id='word_1_65' title='bbox 444 827 597 877; x_wconf 91' lang='lat' dir='ltr'>verba,</span> <span class='ocrx_word' id='word_1_66' title='bbox 631 828 795 881; x_wconf 91' lang='lat' dir='ltr'>quibus</span> <span class='ocrx_word' id='word_1_67' title='bbox 827 842 931 869; x_wconf 92' lang='lat' dir='ltr'>eum</span> <span class='ocrx_word' id='word_1_68' title='bbox 965 833 1171 870; x_wconf 90' lang='lat' dir='ltr'>utentem</span> <span class='ocrx_word' id='word_1_69' title='bbox 1204 828 1311 869; x_wconf 85' lang='lat' dir='ltr'>facit</span> <span class='ocrx_word' id='word_1_70' title='bbox 1343 828 1551 869; x_wconf 90' lang='lat' dir='ltr'>Tacitus:</span> 
     </span>
     <span class='ocr_line' id='line_1_24' title="bbox 374 893 1972 965; baseline 0 -17"><span class='ocrx_word' id='word_1_71' title='bbox 374 907 602 962; x_wconf 87' lang='lat' dir='ltr'>„Torpere</span> <span class='ocrx_word' id='word_1_72' title='bbox 634 907 751 949; x_wconf 89' lang='lat' dir='ltr'>ultra</span> <span class='ocrx_word' id='word_1_73' title='bbox 784 914 829 949; x_wconf 90' lang='lat' dir='ltr'>et</span> <span class='ocrx_word' id='word_1_74' title='bbox 857 908 1162 963; x_wconf 87' lang='lat' dir='ltr'>polluendam</span> <span class='ocrx_word' id='word_1_75' title='bbox 1181 909 1553 962; x_wconf 87' lang='lat' dir='ltr'>perdendamque</span> <span class='ocrx_word' id='word_1_76' title='bbox 1582 893 1971 965; x_wconf 37' lang='lat' dir='ltr'>rempublicam*</span> <span class='ocrx_word' id='word_1_77' title='bbox 1970 948 1972 953; x_wconf 76' lang='grc'>,</span> 
     </span>
     <span class='ocr_line' id='line_1_25' title="bbox 310 986 1974 1057; baseline 0.001 -30"><span class='ocrx_word' id='word_1_78' title='bbox 310 986 576 1040; x_wconf 87' lang='lat' dir='ltr'>relinquere,</span> <span class='ocrx_word' id='word_1_79' title='bbox 625 1000 762 1042; x_wconf 93' lang='lat' dir='ltr'>sopor</span> <span class='ocrx_word' id='word_1_80' title='bbox 811 993 857 1028; x_wconf 91' lang='lat' dir='ltr'>et</span> <span class='ocrx_word' id='word_1_81' title='bbox 905 988 1085 1042; x_wconf 87' lang='lat' dir='ltr'>ignavia</span> <span class='ocrx_word' id='word_1_82' title='bbox 1127 988 1370 1038; x_wconf 91' lang='lat' dir='ltr'>videretur,</span> <span class='ocrx_word' id='word_1_83' title='bbox 1415 987 1591 1029; x_wconf 90' lang='lat' dir='ltr'>etiamsi</span> <span class='ocrx_word' id='word_1_84' title='bbox 1633 986 1732 1038; x_wconf 90' lang='lat' dir='ltr'>tibi,</span> <span class='ocrx_word' id='word_1_85' title='bbox 1774 998 1965 1044; x_wconf 76' lang='lat' dir='ltr'>quam</span> <span class='ocrx_word' id='word_1_86' title='bbox 1953 1037 1974 1057; x_wconf 50' lang='lat' dir='ltr'>,a</span> 
     </span>
     <span class='ocr_line' id='line_1_26' title="bbox 309 1049 1982 1116; baseline 0.001 -9"><span class='ocrx_word' id='word_1_87' title='bbox 309 1066 565 1116; x_wconf 89' lang='lat' dir='ltr'>inhonesta,</span> <span class='ocrx_word' id='word_1_88' title='bbox 598 1072 693 1108; x_wconf 87' lang='lat' dir='ltr'>tam</span> <span class='ocrx_word' id='word_1_89' title='bbox 725 1073 824 1108; x_wconf 88' lang='lat' dir='ltr'>tuta</span> <span class='ocrx_word' id='word_1_90' title='bbox 856 1068 1049 1109; x_wconf 87' lang='lat' dir='ltr'>servitus</span> <span class='ocrx_word' id='word_1_91' title='bbox 1081 1073 1213 1109; x_wconf 89' lang='lat' dir='ltr'>esset.</span> <span class='ocrx_word' id='word_1_92' title='bbox 1246 1067 1379 1109; x_wconf 91' lang='lat' dir='ltr'>Abiit</span> <span class='ocrx_word' id='word_1_93' title='bbox 1411 1068 1500 1109; x_wconf 88' lang='lat' dir='ltr'>iam</span> <span class='ocrx_word' id='word_1_94' title='bbox 1527 1073 1575 1109; x_wconf 89' lang='lat' dir='ltr'>et</span> <span class='ocrx_word' id='word_1_95' title='bbox 1602 1056 1954 1109; x_wconf 74' lang='lat' dir='ltr'>transvectum</span> <span class='ocrx_word' id='word_1_96' title='bbox 1977 1049 1982 1056; x_wconf 7' lang='grc' dir='ltr'>’Ἰ</span> 
     </span>
     <span class='ocr_line' id='line_1_27' title="bbox 311 1143 1979 1208; baseline 0.002 -21"><span class='ocrx_word' id='word_1_97' title='bbox 311 1152 380 1188; x_wconf 89' lang='lat' dir='ltr'>est</span> <span class='ocrx_word' id='word_1_98' title='bbox 418 1153 612 1201; x_wconf 86' lang='lat' dir='ltr'>tempus,</span> <span class='ocrx_word' id='word_1_99' title='bbox 647 1160 738 1201; x_wconf 93' lang='lat' dir='ltr'>quo</span> <span class='ocrx_word' id='word_1_100' title='bbox 771 1161 927 1202; x_wconf 89' lang='lat' dir='ltr'>posses</span> <span class='ocrx_word' id='word_1_101' title='bbox 960 1148 1103 1189; x_wconf 92' lang='lat' dir='ltr'>videri</span> <span class='ocrx_word' id='word_1_102' title='bbox 1136 1148 1426 1202; x_wconf 89' lang='lat' dir='ltr'>concupisse:</span> <span class='ocrx_word' id='word_1_103' title='bbox 1460 1147 1815 1202; x_wconf 80' lang='lat' dir='ltr'>confugiendum</span> <span class='ocrx_word' id='word_1_104' title='bbox 1846 1143 1979 1208; x_wconf 46' lang='lat' dir='ltr'>esu</span> 
     </span>
     <span class='ocr_line' id='line_1_28' title="bbox 315 1212 1975 1299; baseline 0.002 -32"><span class='ocrx_word' id='word_1_105' title='bbox 315 1227 371 1267; x_wconf 90' lang='lat' dir='ltr'>ad</span> <span class='ocrx_word' id='word_1_106' title='bbox 407 1226 692 1280; x_wconf 37' lang='lat' dir='ltr'>imperiumst</span> <span class='ocrx_word' id='word_1_107' title='bbox 1914 1212 1975 1299; x_wconf 37' lang='lat' dir='ltr'>fs</span> 
     </span>
     <span class='ocr_line' id='line_1_29' title="bbox 383 1304 1977 1365; baseline 0.003 -18"><span class='ocrx_word' id='word_1_108' title='bbox 383 1306 470 1347; x_wconf 92' lang='lat' dir='ltr'>Hic</span> <span class='ocrx_word' id='word_1_109' title='bbox 518 1307 713 1360; x_wconf 90' lang='lat' dir='ltr'>primum</span> <span class='ocrx_word' id='word_1_110' title='bbox 761 1308 1064 1361; x_wconf 89' lang='lat' dir='ltr'>reputandum</span> <span class='ocrx_word' id='word_1_111' title='bbox 1112 1313 1180 1348; x_wconf 92' lang='lat' dir='ltr'>est</span> <span class='ocrx_word' id='word_1_112' title='bbox 1227 1307 1423 1349; x_wconf 90' lang='lat' dir='ltr'>eundem</span> <span class='ocrx_word' id='word_1_113' title='bbox 1473 1307 1734 1349; x_wconf 84' lang='lat' dir='ltr'>Mucianum</span> <span class='ocrx_word' id='word_1_114' title='bbox 1779 1304 1977 1365; x_wconf 62' lang='grc' dir='ltr'>ρίιῑιιιῐια,Ἰ</span> 
     </span>
     <span class='ocr_line' id='line_1_30' title="bbox 321 1385 1982 1450; baseline 0.002 -24"><span class='ocrx_word' id='word_1_115' title='bbox 321 1391 427 1427; x_wconf 90' lang='lat' dir='ltr'>ante</span> <span class='ocrx_word' id='word_1_116' title='bbox 461 1386 647 1428; x_wconf 87' lang='lat' dir='ltr'>dixisse:</span> <span class='ocrx_word' id='word_1_117' title='bbox 687 1401 737 1440; x_wconf 87' lang='lat' dir='ltr'>„a</span> <span class='ocrx_word' id='word_1_118' title='bbox 764 1387 1039 1428; x_wconf 89' lang='lat' dir='ltr'>contumelia</span> <span class='ocrx_word' id='word_1_119' title='bbox 1066 1400 1202 1441; x_wconf 89' lang='lat' dir='ltr'>quam</span> <span class='ocrx_word' id='word_1_120' title='bbox 1230 1401 1256 1428; x_wconf 91' lang='lat' dir='ltr'>a</span> <span class='ocrx_word' id='word_1_121' title='bbox 1282 1387 1415 1429; x_wconf 91' lang='lat' dir='ltr'>laude</span> <span class='ocrx_word' id='word_1_122' title='bbox 1442 1388 1628 1442; x_wconf 88' lang='lat' dir='ltr'>propius</span> <span class='ocrx_word' id='word_1_123' title='bbox 1653 1385 1806 1430; x_wconf 81' lang='lat' dir='ltr'>fuerit</span> <span class='ocrx_word' id='word_1_124' title='bbox 1813 1398 1897 1442; x_wconf 72' lang='lat' dir='ltr'>pos</span> <span class='ocrx_word' id='word_1_125' title='bbox 1931 1395 1982 1450; x_wconf 47' lang='grc' dir='ltr'>Ἀῇ</span> 
     </span>
     <span class='ocr_line' id='line_1_31' title="bbox 321 1453 1989 1522; baseline 0.003 -16"><span class='ocrx_word' id='word_1_126' title='bbox 321 1465 557 1506; x_wconf 89' lang='lat' dir='ltr'>Vitellium</span> <span class='ocrx_word' id='word_1_127' title='bbox 606 1466 754 1520; x_wconf 86' lang='lat' dir='ltr'>eligi”,</span> <span class='ocrx_word' id='word_1_128' title='bbox 803 1467 970 1508; x_wconf 92' lang='lat' dir='ltr'>deinde</span> <span class='ocrx_word' id='word_1_129' title='bbox 1017 1467 1312 1521; x_wconf 88' lang='lat' dir='ltr'>cogitandum</span> <span class='ocrx_word' id='word_1_130' title='bbox 1360 1468 1417 1509; x_wconf 93' lang='lat' dir='ltr'>de</span> <span class='ocrx_word' id='word_1_131' title='bbox 1465 1466 1696 1522; x_wconf 89' lang='lat' dir='ltr'>praeclara</span> <span class='ocrx_word' id='word_1_132' title='bbox 1741 1453 1989 1512; x_wconf 39' lang='lat' dir='ltr'>Lucan&amp;¹</span> 
     </span>
     <span class='ocr_line' id='line_1_32' title="bbox 317 1536 1966 1600; baseline 0.002 -14"><span class='ocrx_word' id='word_1_133' title='bbox 317 1546 565 1587; x_wconf 84' lang='lat' dir='ltr'>sententia:</span> <span class='ocrx_word' id='word_1_134' title='bbox 601 1546 682 1599; x_wconf 87' lang='lat' dir='ltr'>„ad</span> <span class='ocrx_word' id='word_1_135' title='bbox 711 1545 879 1587; x_wconf 89' lang='lat' dir='ltr'>bellum</span> <span class='ocrx_word' id='word_1_136' title='bbox 908 1545 1118 1600; x_wconf 66' lang='grc' dir='ltr'>ῑυςίῒυτ”.</span> <span class='ocrx_word' id='word_1_137' title='bbox 1147 1545 1268 1600; x_wconf 78' lang='lat' dir='ltr'>Quid</span> <span class='ocrx_word' id='word_1_138' title='bbox 1299 1536 1406 1600; x_wconf 80' lang='lat' dir='ltr'>ergo</span> <span class='ocrx_word' id='word_1_139' title='bbox 1436 1545 1649 1589; x_wconf 88' lang='lat' dir='ltr'>Muciano</span> <span class='ocrx_word' id='word_1_140' title='bbox 1671 1545 1977 1592; x_wconf 80' lang='lat' dir='ltr'>dicendum</span> 
     </span>
     <span class='ocr_line' id='line_1_33' title="bbox 321 1613 1985 1700; baseline 0.001 -34"><span class='ocrx_word' id='word_1_141' title='bbox 321 1631 403 1675; x_wconf 90' lang='lat' dir='ltr'>est,</span> <span class='ocrx_word' id='word_1_142' title='bbox 447 1626 483 1666; x_wconf 85' lang='lat' dir='ltr'>si</span> <span class='ocrx_word' id='word_1_143' title='bbox 521 1631 729 1667; x_wconf 86' lang='lat' dir='ltr'>accurate</span> <span class='ocrx_word' id='word_1_144' title='bbox 763 1626 886 1680; x_wconf 90' lang='lat' dir='ltr'>loqui</span> <span class='ocrx_word' id='word_1_145' title='bbox 920 1625 1045 1668; x_wconf 89' lang='lat' dir='ltr'>vult?</span> <span class='ocrx_word' id='word_1_146' title='bbox 1079 1626 1280 1680; x_wconf 91' lang='lat' dir='ltr'>Nempe.</span> <span class='ocrx_word' id='word_1_147' title='bbox 1320 1639 1436 1680; x_wconf 87' lang='lat' dir='ltr'>„non</span> <span class='ocrx_word' id='word_1_148' title='bbox 1467 1627 1558 1668; x_wconf 90' lang='lat' dir='ltr'>iam</span> <span class='ocrx_word' id='word_1_149' title='bbox 1588 1631 1717 1681; x_wconf 86' lang='lat' dir='ltr'>grata</span> <span class='ocrx_word' id='word_1_150' title='bbox 1746 1639 1818 1668; x_wconf 83' lang='lat' dir='ltr'>res</span> <span class='ocrx_word' id='word_1_151' title='bbox 1849 1629 1954 1675; x_wconf 73' lang='lat' dir='ltr'>est</span> <span class='ocrx_word' id='word_1_152' title='bbox 1943 1613 1985 1700; x_wconf 47' lang='grc' dir='ltr'>ἐζ</span> 
     </span>
     <span class='ocr_line' id='line_1_34' title="bbox 319 1704 1917 1760; baseline 0.001 -14"><span class='ocrx_word' id='word_1_153' title='bbox 319 1706 573 1759; x_wconf 89' lang='lat' dir='ltr'>imperium,</span> <span class='ocrx_word' id='word_1_154' title='bbox 608 1719 744 1759; x_wconf 90' lang='lat' dir='ltr'>quam</span> <span class='ocrx_word' id='word_1_155' title='bbox 779 1707 879 1759; x_wconf 92' lang='lat' dir='ltr'>quis</span> <span class='ocrx_word' id='word_1_156' title='bbox 910 1706 994 1747; x_wconf 91' lang='lat' dir='ltr'>sibi</span> <span class='ocrx_word' id='word_1_157' title='bbox 1027 1711 1236 1760; x_wconf 85' lang='lat' dir='ltr'>expetat3</span> <span class='ocrx_word' id='word_1_158' title='bbox 1272 1707 1351 1747; x_wconf 90' lang='lat' dir='ltr'>sed</span> <span class='ocrx_word' id='word_1_159' title='bbox 1383 1712 1536 1748; x_wconf 89' lang='lat' dir='ltr'>actum</span> <span class='ocrx_word' id='word_1_160' title='bbox 1569 1706 1626 1748; x_wconf 92' lang='lat' dir='ltr'>de</span> <span class='ocrx_word' id='word_1_161' title='bbox 1657 1711 1704 1749; x_wconf 89' lang='lat' dir='ltr'>te</span> <span class='ocrx_word' id='word_1_162' title='bbox 1735 1711 1806 1748; x_wconf 82' lang='lat' dir='ltr'>est</span> <span class='ocrx_word' id='word_1_163' title='bbox 1831 1704 1917 1753; x_wconf 77' lang='lat' dir='ltr'>nisi</span> 
     </span>
     <span class='ocr_line' id='line_1_35' title="bbox 320 1774 1990 1850; baseline 0.002 -24.053"><span class='ocrx_word' id='word_1_164' title='bbox 320 1785 379 1826; x_wconf 87' lang='lat' dir='ltr'>ab</span> <span class='ocrx_word' id='word_1_165' title='bbox 412 1785 603 1839; x_wconf 89' lang='lat' dir='ltr'>imperio</span> <span class='ocrx_word' id='word_1_166' title='bbox 635 1785 827 1827; x_wconf 87' lang='lat' dir='ltr'>salutem</span> <span class='ocrx_word' id='word_1_167' title='bbox 859 1785 1004 1840; x_wconf 87' lang='lat' dir='ltr'>petis”</span> <span class='ocrx_word' id='word_1_168' title='bbox 1037 1786 1064 1827; x_wconf 89' lang='lat' dir='ltr'>i.</span> <span class='ocrx_word' id='word_1_169' title='bbox 1097 1800 1136 1827; x_wconf 88' lang='lat' dir='ltr'>e.</span> <span class='ocrx_word' id='word_1_170' title='bbox 1170 1786 1292 1828; x_wconf 91' lang='lat' dir='ltr'>hisce</span> <span class='ocrx_word' id='word_1_171' title='bbox 1325 1786 1366 1828; x_wconf 93' lang='lat' dir='ltr'>ei</span> <span class='ocrx_word' id='word_1_172' title='bbox 1398 1791 1467 1828; x_wconf 90' lang='lat' dir='ltr'>est</span> <span class='ocrx_word' id='word_1_173' title='bbox 1499 1786 1720 1829; x_wconf 88' lang='lat' dir='ltr'>utendum</span> <span class='ocrx_word' id='word_1_174' title='bbox 1746 1778 1940 1829; x_wconf 64' lang='lat' dir='ltr'>verbnss</span> <span class='ocrx_word' id='word_1_175' title='bbox 1938 1774 1990 1850; x_wconf 42' lang='grc' dir='ltr'>ᾗ</span> 
     </span>
     <span class='ocr_line' id='line_1_36' title="bbox 325 1859 1977 1922; baseline 0.001 -16.031"><span class='ocrx_word' id='word_1_176' title='bbox 325 1865 463 1918; x_wconf 87' lang='lat' dir='ltr'>„abiit</span> <span class='ocrx_word' id='word_1_177' title='bbox 506 1866 595 1906; x_wconf 89' lang='lat' dir='ltr'>iam</span> <span class='ocrx_word' id='word_1_178' title='bbox 638 1871 684 1906; x_wconf 87' lang='lat' dir='ltr'>et</span> <span class='ocrx_word' id='word_1_179' title='bbox 722 1871 1030 1907; x_wconf 87' lang='lat' dir='ltr'>transvectum</span> <span class='ocrx_word' id='word_1_180' title='bbox 1063 1872 1132 1908; x_wconf 89' lang='lat' dir='ltr'>est</span> <span class='ocrx_word' id='word_1_181' title='bbox 1163 1872 1356 1920; x_wconf 85' lang='lat' dir='ltr'>tempuS,</span> <span class='ocrx_word' id='word_1_182' title='bbox 1391 1879 1482 1921; x_wconf 93' lang='lat' dir='ltr'>quo</span> <span class='ocrx_word' id='word_1_183' title='bbox 1515 1879 1672 1922; x_wconf 87' lang='lat' dir='ltr'>posses</span> <span class='ocrx_word' id='word_1_184' title='bbox 1702 1859 1977 1922; x_wconf 57' lang='lat' dir='ltr'>concupi-5⁶³*</span> 
     </span>
     <span class='ocr_line' id='line_1_37' title="bbox 322 1945 1972 2009; baseline 0.001 -23"><span class='ocrx_word' id='word_1_185' title='bbox 322 1959 430 1995; x_wconf 81' lang='lat' dir='ltr'>cere,</span> <span class='ocrx_word' id='word_1_186' title='bbox 469 1945 823 2000; x_wconf 88' lang='lat' dir='ltr'>confugiendum</span> <span class='ocrx_word' id='word_1_187' title='bbox 855 1952 923 1988; x_wconf 89' lang='lat' dir='ltr'>est</span> <span class='ocrx_word' id='word_1_188' title='bbox 955 1947 1012 1988; x_wconf 83' lang='lat' dir='ltr'>ad</span> <span class='ocrx_word' id='word_1_189' title='bbox 1046 1946 1330 2001; x_wconf 48' lang='lat' dir='ltr'>imperium&#39;ss</span> <span class='ocrx_word' id='word_1_190' title='bbox 1363 1946 1455 1989; x_wconf 86' lang='lat' dir='ltr'>Sed</span> <span class='ocrx_word' id='word_1_191' title='bbox 1487 1946 1686 1988; x_wconf 83' lang='lat' dir='ltr'>affectati</span> <span class='ocrx_word' id='word_1_192' title='bbox 1717 1958 1972 2009; x_wconf 37' lang='lat' dir='ltr'>unquam?</span> 
     </span>
     <span class='ocr_line' id='line_1_38' title="bbox 323 2011 1967 2081; baseline 0.002 -16"><span class='ocrx_word' id='word_1_193' title='bbox 323 2025 500 2079; x_wconf 90' lang='lat' dir='ltr'>imperii</span> <span class='ocrx_word' id='word_1_194' title='bbox 534 2025 865 2079; x_wconf 89' lang='lat' dir='ltr'>Vespasianum</span> <span class='ocrx_word' id='word_1_195' title='bbox 899 2026 1156 2067; x_wconf 90' lang='lat' dir='ltr'>insimulare</span> <span class='ocrx_word' id='word_1_196' title='bbox 1189 2027 1321 2068; x_wconf 84' lang='lat' dir='ltr'>anxie</span> <span class='ocrx_word' id='word_1_197' title='bbox 1353 2032 1502 2078; x_wconf 89' lang='lat' dir='ltr'>cavet;</span> <span class='ocrx_word' id='word_1_198' title='bbox 1539 2027 1664 2081; x_wconf 87' lang='lat' dir='ltr'>atqui</span> <span class='ocrx_word' id='word_1_199' title='bbox 1696 2027 1742 2069; x_wconf 88' lang='lat' dir='ltr'>in</span> <span class='ocrx_word' id='word_1_200' title='bbox 1769 2011 1967 2078; x_wconf 34' lang='lat' dir='ltr'>verbra*</span> 
     </span>
     <span class='ocr_line' id='line_1_39' title="bbox 312 2106 1974 2164; baseline 0.002 -18"><span class='ocrx_word' id='word_1_201' title='bbox 312 2113 464 2159; x_wconf 83' lang='lat' dir='ltr'>posses</span> <span class='ocrx_word' id='word_1_202' title='bbox 503 2106 798 2161; x_wconf 82' lang='lat' dir='ltr'>concupiscere</span> <span class='ocrx_word' id='word_1_203' title='bbox 835 2107 952 2147; x_wconf 90' lang='lat' dir='ltr'>inest</span> <span class='ocrx_word' id='word_1_204' title='bbox 985 2107 1326 2160; x_wconf 89' lang='lat' dir='ltr'>quodammodo</span> <span class='ocrx_word' id='word_1_205' title='bbox 1358 2107 1580 2148; x_wconf 90' lang='lat' dir='ltr'>eiusmodi</span> <span class='ocrx_word' id='word_1_206' title='bbox 1611 2106 1974 2164; x_wconf 69' lang='lat' dir='ltr'>reprehenmo,</span> 
     </span>
     <span class='ocr_line' id='line_1_40' title="bbox 320 2171 1989 2254; baseline 0.002 -28"><span class='ocrx_word' id='word_1_207' title='bbox 320 2191 442 2226; x_wconf 89' lang='lat' dir='ltr'>certe</span> <span class='ocrx_word' id='word_1_208' title='bbox 486 2185 631 2226; x_wconf 92' lang='lat' dir='ltr'>inesse</span> <span class='ocrx_word' id='word_1_209' title='bbox 666 2199 765 2227; x_wconf 90' lang='lat' dir='ltr'>eam</span> <span class='ocrx_word' id='word_1_210' title='bbox 799 2186 1011 2240; x_wconf 88' lang='lat' dir='ltr'>suspicax</span> <span class='ocrx_word' id='word_1_211' title='bbox 1042 2187 1180 2228; x_wconf 92' lang='lat' dir='ltr'>homo</span> <span class='ocrx_word' id='word_1_212' title='bbox 1213 2187 1398 2228; x_wconf 88' lang='lat' dir='ltr'>credere</span> <span class='ocrx_word' id='word_1_213' title='bbox 1431 2187 1587 2241; x_wconf 88' lang='lat' dir='ltr'>possit.</span> <span class='ocrx_word' id='word_1_214' title='bbox 1621 2187 1723 2229; x_wconf 87' lang='lat' dir='ltr'>Hoc</span> <span class='ocrx_word' id='word_1_215' title='bbox 1754 2171 1982 2254; x_wconf 43' lang='grc' dir='ltr'>1118ῑυὶξέὲὲ</span> <span class='ocrx_word' id='word_1_216' title='bbox 1987 2240 1989 2242; x_wconf 22' lang='grc' dir='ltr'>ζ</span> 
     </span>
     <span class='ocr_line' id='line_1_41' title="bbox 321 2257 1976 2322; baseline 0.002 -17"><span class='ocrx_word' id='word_1_217' title='bbox 321 2264 570 2315; x_wconf 84' lang='lat' dir='ltr'>Mucianus,</span> <span class='ocrx_word' id='word_1_218' title='bbox 614 2265 718 2306; x_wconf 91' lang='lat' dir='ltr'>hinc</span> <span class='ocrx_word' id='word_1_219' title='bbox 761 2267 1056 2320; x_wconf 89' lang='lat' dir='ltr'>praeteritum</span> <span class='ocrx_word' id='word_1_220' title='bbox 1099 2266 1208 2308; x_wconf 94' lang='lat' dir='ltr'>illud</span> <span class='ocrx_word' id='word_1_221' title='bbox 1241 2267 1496 2322; x_wconf 80' lang='lat' dir='ltr'>concupisse,</span> <span class='ocrx_word' id='word_1_222' title='bbox 1531 2267 1648 2319; x_wconf 58' lang='lat' dir='ltr'>hinc,</span> <span class='ocrx_word' id='word_1_223' title='bbox 1681 2266 1806 2322; x_wconf 84' lang='lat' dir='ltr'>quod</span> <span class='ocrx_word' id='word_1_224' title='bbox 1832 2257 1976 2318; x_wconf 53' lang='lat' dir='ltr'>ad?</span> <span class='ocrx_word' id='word_1_225' title='bbox 1951 2317 1953 2319; x_wconf 7' lang='grc' dir='ltr'>ζ</span> 
     </span>
     <span class='ocr_line' id='line_1_42' title="bbox 321 2335 1946 2394; baseline 0.002 -10"><span class='ocrx_word' id='word_1_226' title='bbox 321 2345 455 2394; x_wconf 90' lang='lat' dir='ltr'>ditur,</span> <span class='ocrx_word' id='word_1_227' title='bbox 488 2345 648 2386; x_wconf 80' lang='lat' dir='ltr'>videri.</span> <span class='ocrx_word' id='word_1_228' title='bbox 1927 2335 1946 2348; x_wconf 32' lang='grc' dir='ltr'>’ὲ</span> 
     </span>
     <span class='ocr_line' id='line_1_43' title="bbox 380 2424 1836 2483; baseline 0.002 -18"><span class='ocrx_word' id='word_1_229' title='bbox 380 2424 607 2466; x_wconf 91' lang='lat' dir='ltr'>Pollianae</span> <span class='ocrx_word' id='word_1_230' title='bbox 650 2431 893 2479; x_wconf 87' lang='lat' dir='ltr'>cognatam</span> <span class='ocrx_word' id='word_1_231' title='bbox 928 2426 1294 2468; x_wconf 88' lang='lat' dir='ltr'>observationem</span> <span class='ocrx_word' id='word_1_232' title='bbox 1327 2426 1514 2481; x_wconf 89' lang='lat' dir='ltr'>protulit</span> <span class='ocrx_word' id='word_1_233' title='bbox 1546 2426 1795 2483; x_wconf 73' lang='lat' dir='ltr'>Pfitznerus</span> <span class='ocrx_word' id='word_1_234' title='bbox 1827 2426 1836 2436; x_wconf 83' lang='grc'><em>“</em></span> 
     </span>
     <span class='ocr_line' id='line_1_44' title="bbox 317 2504 1979 2567; baseline 0.002 -23"><span class='ocrx_word' id='word_1_235' title='bbox 317 2504 394 2557; x_wconf 92' lang='lat' dir='ltr'>qui</span> <span class='ocrx_word' id='word_1_236' title='bbox 422 2505 512 2545; x_wconf 89' lang='lat' dir='ltr'>iam</span> <span class='ocrx_word' id='word_1_237' title='bbox 542 2504 642 2558; x_wconf 93' lang='lat' dir='ltr'>plus</span> <span class='ocrx_word' id='word_1_238' title='bbox 669 2505 828 2546; x_wconf 89' lang='lat' dir='ltr'>decem</span> <span class='ocrx_word' id='word_1_239' title='bbox 857 2505 996 2547; x_wconf 89' lang='lat' dir='ltr'>lustra</span> <span class='ocrx_word' id='word_1_240' title='bbox 1018 2506 1300 2547; x_wconf 88' lang='lat' dir='ltr'>utilissimam</span> <span class='ocrx_word' id='word_1_241' title='bbox 1317 2506 1478 2547; x_wconf 89' lang='lat' dir='ltr'>Tacito</span> <span class='ocrx_word' id='word_1_242' title='bbox 1497 2511 1635 2548; x_wconf 88' lang='lat' dir='ltr'>navat</span> <span class='ocrx_word' id='word_1_243' title='bbox 1651 2519 1852 2561; x_wconf 85' lang='lat' dir='ltr'>operam.</span> <span class='ocrx_word' id='word_1_244' title='bbox 1866 2504 1979 2567; x_wconf 32' lang='lat' dir='ltr'>13ssn</span> 
     </span>
     <span class='ocr_line' id='line_1_45' title="bbox 319 2567 1970 2642; baseline 0.003 -17"><span class='ocrx_word' id='word_1_245' title='bbox 319 2586 440 2626; x_wconf 90' lang='lat' dir='ltr'>enim</span> <span class='ocrx_word' id='word_1_246' title='bbox 468 2599 611 2639; x_wconf 91' lang='lat' dir='ltr'>nuper</span> <span class='ocrx_word' id='word_1_247' title='bbox 639 2586 836 2628; x_wconf 89' lang='lat' dir='ltr'>diarioc.</span> <span class='ocrx_word' id='word_1_248' title='bbox 856 2592 888 2628; x_wconf 88' lang='lat' dir='ltr'>t.</span> <span class='ocrx_word' id='word_1_249' title='bbox 908 2587 1210 2628; x_wconf 87' lang='lat' dir='ltr'>Zeitschriftf.</span> <span class='ocrx_word' id='word_1_250' title='bbox 1230 2588 1272 2628; x_wconf 91' lang='lat' dir='ltr'>d.</span> <span class='ocrx_word' id='word_1_251' title='bbox 1293 2586 1418 2629; x_wconf 85' lang='lat' dir='ltr'>Oest.</span> <span class='ocrx_word' id='word_1_252' title='bbox 1437 2586 1604 2641; x_wconf 89' lang='lat' dir='ltr'>Gymn.</span> <span class='ocrx_word' id='word_1_253' title='bbox 1624 2586 1699 2642; x_wconf 90' lang='lat' dir='ltr'>(A.</span> <span class='ocrx_word' id='word_1_254' title='bbox 1717 2567 1970 2637; x_wconf 52' lang='lat' dir='ltr'>MDCAZRZUvu</span> 
     </span>
     <span class='ocr_line' id='line_1_46' title="bbox 317 2659 1983 2721; baseline 0.002 -16"><span class='ocrx_word' id='word_1_255' title='bbox 317 2665 423 2706; x_wconf 91' lang='lat' dir='ltr'>inde</span> <span class='ocrx_word' id='word_1_256' title='bbox 451 2679 477 2706; x_wconf 85' lang='lat' dir='ltr'>a</span> <span class='ocrx_word' id='word_1_257' title='bbox 506 2680 549 2719; x_wconf 92' lang='lat' dir='ltr'>p.</span> <span class='ocrx_word' id='word_1_258' title='bbox 567 2666 669 2720; x_wconf 85' lang='lat'>673)</span> <span class='ocrx_word' id='word_1_259' title='bbox 699 2667 1006 2708; x_wconf 90' lang='lat' dir='ltr'>doctissimam</span> <span class='ocrx_word' id='word_1_260' title='bbox 1036 2667 1323 2708; x_wconf 86' lang='lat' dir='ltr'>inserendam</span> <span class='ocrx_word' id='word_1_261' title='bbox 1351 2667 1525 2708; x_wconf 89' lang='lat' dir='ltr'>curavit</span> <span class='ocrx_word' id='word_1_262' title='bbox 1545 2659 1958 2721; x_wconf 65' lang='lat' dir='ltr'>d1sputat1onem,</span> <span class='ocrx_word' id='word_1_263' title='bbox 1972 2681 1983 2704; x_wconf 97' lang='grc'><strong>4.</strong></span> 
     </span>
     <span class='ocr_line' id='line_1_47' title="bbox 318 2745 1966 2798; baseline 0.002 -14"><span class='ocrx_word' id='word_1_264' title='bbox 318 2758 406 2798; x_wconf 90' lang='lat' dir='ltr'>qua</span> <span class='ocrx_word' id='word_1_265' title='bbox 438 2750 484 2785; x_wconf 91' lang='lat' dir='ltr'>et</span> <span class='ocrx_word' id='word_1_266' title='bbox 517 2745 604 2786; x_wconf 89' lang='lat' dir='ltr'>alia</span> <span class='ocrx_word' id='word_1_267' title='bbox 635 2746 800 2786; x_wconf 89' lang='lat' dir='ltr'>docere</span> <span class='ocrx_word' id='word_1_268' title='bbox 833 2748 987 2788; x_wconf 88' lang='lat' dir='ltr'>studet</span> <span class='ocrx_word' id='word_1_269' title='bbox 1019 2753 1065 2788; x_wconf 90' lang='lat' dir='ltr'>et</span> <span class='ocrx_word' id='word_1_270' title='bbox 1096 2747 1306 2788; x_wconf 89' lang='lat' dir='ltr'>Tacitum</span> <span class='ocrx_word' id='word_1_271' title='bbox 1339 2747 1569 2788; x_wconf 86' lang='lat' dir='ltr'>interdum</span> <span class='ocrx_word' id='word_1_272' title='bbox 1597 2746 1669 2788; x_wconf 90' lang='lat' dir='ltr'>vel</span> <span class='ocrx_word' id='word_1_273' title='bbox 1695 2745 1966 2798; x_wconf 61' lang='lat' dir='ltr'>sermonis„</span> 
     </span>
     <span class='ocr_line' id='line_1_48' title="bbox 318 2824 1824 2876; baseline 0.002 -12"><span class='ocrx_word' id='word_1_274' title='bbox 318 2825 450 2873; x_wconf 89' lang='lat' dir='ltr'>vitiis,</span> <span class='ocrx_word' id='word_1_275' title='bbox 496 2824 567 2864; x_wconf 91' lang='lat' dir='ltr'>vel</span> <span class='ocrx_word' id='word_1_276' title='bbox 610 2826 722 2865; x_wconf 87' lang='lat' dir='ltr'>mira</span> <span class='ocrx_word' id='word_1_277' title='bbox 765 2832 811 2867; x_wconf 91' lang='lat' dir='ltr'>et</span> <span class='ocrx_word' id='word_1_278' title='bbox 853 2827 1033 2868; x_wconf 90' lang='lat' dir='ltr'>insolita</span> <span class='ocrx_word' id='word_1_279' title='bbox 1074 2828 1291 2876; x_wconf 90' lang='lat' dir='ltr'>oratione,</span> <span class='ocrx_word' id='word_1_280' title='bbox 1324 2826 1395 2867; x_wconf 90' lang='lat' dir='ltr'>vel</span> <span class='ocrx_word' id='word_1_281' title='bbox 1429 2826 1567 2867; x_wconf 87' lang='lat' dir='ltr'>etiam</span> <span class='ocrx_word' id='word_1_282' title='bbox 1599 2825 1824 2875; x_wconf 81' lang='lat' dir='ltr'>erroribus</span> 
     </span>
     <span class='ocr_line' id='line_1_49' title="bbox 319 2904 1871 2960; baseline 0.003 -17"><span class='ocrx_word' id='word_1_283' title='bbox 319 2904 551 2944; x_wconf 89' lang='lat' dir='ltr'>historiam</span> <span class='ocrx_word' id='word_1_284' title='bbox 599 2905 930 2958; x_wconf 89' lang='lat' dir='ltr'>pertinentibus</span> <span class='ocrx_word' id='word_1_285' title='bbox 978 2907 1156 2948; x_wconf 92' lang='lat' dir='ltr'>illorum</span> <span class='ocrx_word' id='word_1_286' title='bbox 1198 2906 1414 2960; x_wconf 91' lang='lat' dir='ltr'>loquendi</span> <span class='ocrx_word' id='word_1_287' title='bbox 1457 2919 1598 2959; x_wconf 89' lang='lat' dir='ltr'>genus</span> <span class='ocrx_word' id='word_1_288' title='bbox 1640 2911 1799 2947; x_wconf 83' lang='lat' dir='ltr'>notare</span> <span class='ocrx_word' id='word_1_289' title='bbox 1841 2917 1871 2947; x_wconf 85' lang='lat' dir='ltr'>v</span> 
     </span>
    </p>
   </div>
   <div class='ocr_carea' id='block_1_4' title="bbox 318 2983 1979 3047">
    <p class='ocr_par' dir='ltr' id='par_1_4' title="bbox 318 2983 1979 3047">
     <span class='ocr_line' id='line_1_50' title="bbox 318 2983 1979 3047; baseline 0.002 -24"><span class='ocrx_word' id='word_1_290' title='bbox 318 2983 619 3036; x_wconf 88' lang='lat' dir='ltr'>perstringere</span> <span class='ocrx_word' id='word_1_291' title='bbox 663 2997 777 3036; x_wconf 89' lang='lat' dir='ltr'>quos</span> <span class='ocrx_word' id='word_1_292' title='bbox 818 2985 862 3026; x_wconf 89' lang='lat' dir='ltr'>in</span> <span class='ocrx_word' id='word_1_293' title='bbox 906 2999 1088 3028; x_wconf 90' lang='lat' dir='ltr'>scenam</span> <span class='ocrx_word' id='word_1_294' title='bbox 1126 2987 1312 3028; x_wconf 90' lang='lat' dir='ltr'>inducit.</span> <span class='ocrx_word' id='word_1_295' title='bbox 1348 2985 1535 3026; x_wconf 90' lang='lat' dir='ltr'>Minime</span> <span class='ocrx_word' id='word_1_296' title='bbox 1568 2985 1826 3040; x_wconf 82' lang='lat' dir='ltr'>spernenda</span> <span class='ocrx_word' id='word_1_297' title='bbox 1852 2995 1979 3047; x_wconf 56' lang='lat'>&#39;02⁸5-</span> 
     </span>
    </p>
   </div>
  </div>
 </body>
</html>
