2040 3412
853 280 932 325 251

89 390 248 441 tavit”,
309 389 495 444 „vidit'’,
544 391 774 447 „sensit”).
834 392 1062 446 Equidem
1107 390 1375 447 particulam
1415 404 1509 445 que,
1553 388 1696 430 verbo

90 471 216 527 quod
247 476 316 513 est
345 471 470 514 misit
493 471 834 522 adhaerentem,
867 473 1114 514 deleverim
1142 478 1188 513 et
1216 477 1320 526 post
1338 470 1697 525 intellegerentur

91 551 357 607 inseruerim
389 559 518 594 rata:
553 552 616 593 sic
651 553 838 594 demum
871 566 1019 594 sermo
1053 552 1267 594 Taciteus
1299 550 1474 592 restitui
1502 549 1696 590 videtur.
1726 534 1729 536 ’

152 710 213 754 A.
258 711 387 762 XIV,
431 725 473 766 9.
517 711 562 754 A
605 712 958 767 percussoribus,
993 725 1108 766 quos
1140 711 1263 752 Nero
1297 710 1497 759 immisit,
1531 708 1698 762 Agrip-

42 786 55 830 ÷³
93 791 201 848 pina
232 792 478 834 occiditur:

157 871 396 926 „Cremata
428 878 507 914 est.
528 878 664 915 nocte
692 874 866 924 eadem,
898 872 1124 915 convivali
1152 872 1271 914 lecto
1297 876 1342 912 et
1369 870 1573 924 exequiis
1600 868 1697 910 vili-

25 945 50 994 ᾗ
93 952 200 1004 bus;
235 966 397 1007 neque,
424 953 533 994 dum
568 953 691 995 Nero
720 967 870 996 rerum
900 954 1175 1009 potiebatur,
1205 957 1422 1006 congesta
1450 956 1528 992 aut
1546 949 1697 991 clausa

30 1014 42 1019 ,
92 1033 270 1082 humus.
323 1033 435 1076 Mox
483 1035 838 1076 domesticorum
887 1048 993 1076 cura
1039 1034 1188 1079 levem
1237 1032 1461 1074 tumulum
1504 1030 1697 1084 accepit,

23 1139 32 1177 ⁵.
92 1114 215 1156 viam
245 1113 408 1155 Miseni
442 1120 633 1170 propter
665 1121 711 1156 et
743 1115 898 1157 villam
931 1114 1136 1157 Caesaris
1170 1111 1447 1155 dictatoriS.”

33 1245 48 1257 s
153 1194 232 1238 Ad
270 1194 380 1237 illud
422 1196 544 1237 viam
583 1195 751 1238 Miseni
786 1203 977 1251 propter
1005 1196 1086 1237 viri
1121 1195 1246 1235 docti
1279 1197 1526 1235 annotant:
1560 1191 1697 1233 litora

38 1279 42 1281 ’
87 1273 336 1328 ‘Calabriae
362 1282 517 1317 contra
545 1275 642 1330 (III,
672 1275 707 1329 I)
737 1281 783 1316 et
806 1275 1049 1321 cubiculum
1071 1274 1280 1317 Caesaris
1296 1274 1425 1314 iuxta
1444 1272 1588 1327 (XIII,
1616 1271 1697 1324 15),

35 1362 41 1366 ”
91 1354 172 1396 sed
197 1355 319 1396 viam
338 1354 505 1397 Miseni
529 1369 621 1397 non
639 1369 736 1396 esse
755 1355 882 1397 nihili
899 1355 1179 1397 locutionem
1199 1354 1363 1395 docere
1382 1352 1696 1406 neglexerunt.

37 1479 39 1481 ,
93 1434 325 1488 Equidem
357 1440 511 1477 autem
552 1435 662 1477 illud
706 1449 798 1477 non
839 1449 1093 1490 concoquo,
1136 1435 1216 1476 sed
1259 1434 1490 1475 lenissima
1523 1444 1697 1486 repono

78 1513 442 1557 emendatione:
482 1516 673 1569 „Miseni
707 1516 829 1557 viam
864 1515 1094 1571 propter'’,
1127 1521 1178 1557 ut
1205 1514 1372 1556 Miseni
1387 1514 1444 1577 sit
1461 1512 1697 1554 locativus.

159 1675 219 1718 A.
262 1676 392 1726 XIV,
443 1688 507 1718 11.
550 1676 733 1718 Mortua
763 1661 1023 1731 Agrippina
1056 1676 1180 1729 Nero
1209 1674 1451 1729 epistolam
1483 1673 1541 1714 ad
1575 1685 1703 1713 sena-

94 1761 194 1805 tum
237 1757 392 1806 mittit,
427 1770 518 1811 qua
551 1770 710 1798 omnes
743 1757 837 1798 eius
871 1756 1056 1798 insidias
1089 1755 1451 1797 machinationes
1483 1754 1702 1807 importu-

93 1836 275 1886 nitates,
310 1850 423 1891 quas
455 1837 552 1892 ipse
586 1837 676 1878 iam
710 1837 922 1892 princeps
956 1842 1172 1891 expertus
1199 1837 1270 1886 sit,
1305 1840 1565 1877 enumerat:

162 1917 466 1972 „Temporum
514 1931 699 1972 quoque
755 1917 1110 1960 Claudianorum
1162 1916 1348 1970 obliqua
1400 1915 1701 1957 insectatione

8 1986 33 2015 ⁷⁸
93 2003 258 2040 cuncta
284 1998 380 2039 eius
408 1998 734 2040 dominationis
763 1998 933 2053 flagitia
962 1999 1006 2039 in
1037 2003 1229 2039 matrem
1254 1996 1498 2045 transtulit,
1519 1994 1701 2050 publica

95 2077 277 2120 fortuna
303 2079 555 2120 extinctam
584 2079 795 2120 referens.
831 2079 1042 2133 Namque
1073 2084 1119 2119 et
1146 2077 1428 2131 naufragium
1463 2075 1700 2117 narrabat:

32 2181 33 2186 =
96 2158 221 2213 quod
240 2158 477 2200 fortuitum
494 2159 642 2209 fuisse,
657 2160 757 2213 quis
774 2159 891 2200 adeo
909 2159 1050 2200 hebes
1068 2158 1358 2207 inveniretur,
1373 2162 1422 2198 ut
1436 2157 1643 2198 crederet
1657 2154 1700 2196 ?”

161 2238 283 2280 Male
316 2239 432 2280 duae
461 2238 546 2281 hae
574 2235 829 2281 sententiae
863 2239 981 2280 inter
1012 2253 1060 2280 se
1095 2239 1354 2287 cohaerent,
1389 2238 1546 2291 inepto
1580 2236 1702 2277 enim

99 2318 280 2361 vinculo
311 2319 491 2361 iunctae
521 2324 639 2361 sunt.
669 2319 746 2360 An
775 2318 889 2360 ullus
917 2319 990 2360 hic
1017 2318 1326 2359 coniunctioni
1345 2331 1531 2371 namque
1546 2314 1702 2357 locus?

99 2397 204 2440 Non
237 2399 422 2454 opinor:
457 2413 604 2453 neque
639 2400 761 2441 enim
790 2399 905 2440 ratio
933 2399 1005 2440 hic
1034 2399 1239 2439 redditur
1257 2412 1404 2452 neque
1423 2397 1700 2451 praeteritio,

97 2492 214 2532 quae
257 2479 436 2528 dicitur,
470 2479 533 2520 fit.
568 2478 660 2521 Sed
694 2493 776 2533 pro
811 2493 997 2533 namque
1029 2479 1129 2532 lege
1162 2479 1348 2532 iainque,
1384 2477 1564 2532 egregie
1598 2490 1699 2531 pro-

95 2559 229 2601 cedet
271 2560 431 2601 oratio.
476 2560 579 2601 Hoc
622 2560 744 2601 enim
777 2559 869 2601 fere
903 2560 1025 2601 dicet
1058 2559 1266 2600 Tacitus:
1303 2559 1436 2612 „quin
1469 2558 1608 2599 etiam
1642 2557 1699 2598 ad

18 2650 22 2653 *
97 2653 197 2681 eam
236 2645 304 2681 est
337 2654 600 2695 progressus
632 2641 964 2695 impudentiam
998 2646 1047 2681 ut
1080 2640 1362 2694 naufragium
1395 2637 1640 2680 narraret.’'

18 2775 22 2781 1
157 2719 216 2761 A.
260 2720 389 2770 XIV,
424 2731 493 2762 20.
537 2720 651 2762 Cum
698 2720 820 2761 Nero
864 2720 995 2761 ludos
1038 2719 1400 2774 quinquennales
1444 2719 1702 2760 institueret

11 2823 38 2852 ‘..
98 2813 223 2841 more
266 2800 455 2850 Graeco,
498 2799 795 2841 vehementer
838 2814 938 2841 eam
982 2814 1078 2841 rem
1112 2800 1436 2854 improbabant
1470 2799 1552 2840 viri
1587 2799 1701 2840 anti-

30 2912 33 2913 ⁷
99 2880 286 2934 quitatis
316 2885 514 2921 tenaces.
549 2880 716 2921 Totam
748 2894 844 2921 rem
877 2894 932 2921 eo
965 2886 1173 2934 spectare
1206 2881 1432 2921 affirmant
1463 2885 1536 2921 ut:

165 2961 314 3014 „quod
365 2973 554 3014 usquam
603 2960 832 3014 corrumpi
880 2965 925 3000 et
973 2974 1262 3014 corrumpere
1306 2965 1457 3014 queat,
1501 2960 1546 3001 in
1591 2959 1700 3000 urbe
