2040 3412
1102 316 1188 358 260

348 435 542 489 Utrique
584 435 878 476 incommodo
919 434 1146 477 lenissima
1189 436 1417 477 subveniri
1461 441 1614 490 potest
1645 425 1995 487 εοπεοῒίοιιθὲῑξ,

348 515 552 556 Duarum
579 515 700 556 enim
727 514 1004 557 literularum
1031 516 1383 570 transpositione
1413 529 1495 571 pro
1503 517 1684 571 faceret
1697 505 1994 580 legendum

347 594 541 636 arbitror
564 596 756 649 fecerat.
1961 583 1971 599 ζ

405 753 464 795 Α.
498 754 627 804 XVI,
665 763 702 807 5.
747 754 929 795 Nerone
962 755 1006 795 in
1039 754 1219 796 theatro
1251 760 1371 796 artes
1402 768 1504 796 suas
1535 734 1782 798 exhibente
1812 735 1994 818 tantali

347 834 592 876 multitudo
624 836 782 876 aderat
815 840 864 876 ut
896 835 1212 877 obtererentur
1244 835 1364 878 haud
1397 836 1553 890 pauci;
1582 842 1818 891 praeterea
1840 821 1996 899 ipvs<>⁵1³7³¹

347 895 561 956 audiendi
603 915 932 970 spectandique
973 915 1128 958 labore
1170 916 1215 961 in
1253 929 1439 970 gravem
1472 915 1681 958 morbum
1714 915 1852 959 multi·
1874 913 1942 966 in·

347 995 579 1037 ciderunt:
1947 1054 1950 1055 γ
2003 1051 2006 1055 y

411 1074 608 1128 „quippe
654 1075 834 1129 gravior
882 1074 1027 1116 inerat
1075 1080 1233 1124 metus,
1282 1075 1317 1116 si
1365 1074 1629 1130 spectaculo
1679 1063 2002 1137 defuissentsss

349 1154 501 1195 multis
544 1154 694 1209 palam
727 1160 772 1196 et
805 1154 1007 1209 pluribus
1038 1154 1240 1204 occultis,
1274 1160 1323 1196 ut
1355 1155 1540 1196 nomina
1571 1168 1624 1196 ac
1655 1155 1820 1207 vultus,
1850 1155 1943 1200 ala·-

347 1234 555 1275 critatem
589 1235 909 1290 tristitiamque
942 1235 1202 1276 coeuntium
1235 1234 1586 1276 scrutarentur.”
1819 1293 1822 1296 ⁴

408 1313 542 1367 Quod
575 1314 648 1355 hic
682 1328 772 1356 vox
803 1328 846 1368 q.
867 1328 905 1356 e.
929 1315 1084 1368 palam
1117 1315 1330 1356 adiectivi
1363 1314 1434 1356 vel
1466 1314 1691 1369 participii
1720 1314 1818 1357 vice
1845 1314 1955 1367 fun-⁸
1984 1300 2003 1352 ἶ

346 1395 479 1448 gitur,
523 1395 568 1435 in
612 1408 667 1436 eo
711 1395 946 1436 molestiae
989 1400 1057 1436 est
1101 1394 1223 1445 nihil,
1258 1396 1337 1436 sed
1370 1395 1607 1437 ferendum
1640 1408 1730 1437 non
1763 1377 2017 1459 νίεἱείῑιιιῂῖξἸ

347 1475 470 1528 quod
515 1475 775 1516 coniunctio
817 1483 866 1517 ut
905 1475 1161 1523 annectitur
1203 1475 1455 1516 sententiae
1488 1475 1619 1529 parti,
1652 1488 1768 1529 quae
1801 1474 1942 1518 verbo

348 1554 483 1608 plane
525 1560 661 1595 caret.
713 1555 835 1609 Ergo
878 1569 961 1609 pro
1000 1536 1053 1597 ¹ut
1091 1555 1293 1609 legamus
1334 1555 1432 1610 qui:
1481 1568 1583 1596 cum
1625 1554 1755 1596 litera
1794 1569 1823 1610 q
1863 1553 1942 1598 ali-

347 1647 438 1687 quo
481 1647 586 1675 casu
628 1634 898 1684 evanuisset,
941 1635 1063 1689 quod
1107 1641 1298 1676 restaret
1330 1635 1374 1676 in
1407 1642 1457 1677 ut
1486 1634 1650 1676 abiisse
1685 1634 1940 1678 mirandum

348 1727 439 1755 non
473 1720 542 1756 est
568 1714 611 1769 ¹).

406 1873 464 1914 A.
494 1873 622 1923 XVI,
653 1884 721 1914 22.
748 1873 1059 1915 Vehementer
1077 1874 1121 1915 in
1139 1873 1386 1915 Thraseam
1404 1873 1630 1915 invehitur
1647 1872 1940 1916 Cossutianus
2008 1862 2018 1890 ³

347 1948 524 2006 Capito,
567 1967 762 2007 eumque
795 1954 951 2008 utique
985 1967 1043 1994 ex
1075 1954 1259 1994 civitate
1292 1953 1544 1995 tollendum
1578 1966 1674 1994 esse
1706 1957 1939 1995 senatores

348 2032 497 2073 docet.
544 2032 679 2074 Cuius
721 2033 866 2074 oratio
909 2033 995 2074 huc
1038 2032 1130 2074 fere
1173 2033 1290 2075 redit
1333 2039 1381 2074 ut
1425 2033 1707 2074 demonstret
1749 2045 1805 2074 eo
1846 2029 2026 2096 iamq-

345 2117 532 2153 ventum
565 2126 663 2154 esse
695 2118 744 2154 ut
778 2113 921 2154 otiose
955 2114 1072 2154 inter
1103 2127 1151 2154 se
1184 2113 1527 2154 confabulantes
1553 2113 1760 2154 homines
1787 2107 1938 2154 dere-

345 2191 527 2244 publica
553 2192 616 2233 ita
642 2192 885 2246 loquantur
912 2193 1039 2247 quasi
1067 2193 1111 2233 in
1139 2193 1230 2234 duo
1258 2193 1513 2234 discesserit
1540 2198 1708 2234 castra:
1743 2188 1943 2254 Neronis?

341 2277 387 2312 et
415 2271 655 2314 Thraseae.
690 2273 935 2327 Postquam
964 2273 1106 2315 multa
1134 2274 1177 2314 in
1205 2273 1321 2315 hanc
1348 2274 1620 2316 sententiam
1649 2273 1936 2324 declamavit,
1982 2259 2014 2333 ζ

343 2352 429 2393 hoc
463 2366 644 2407 quoque
677 2353 828 2395 addit:
1992 2346 1999 2354 Ἰ

405 2433 603 2486 „Diurna
647 2433 804 2488 populi
847 2433 1039 2474 Romani
1075 2447 1155 2488 per
1188 2434 1456 2487 provincias,
1492 2447 1572 2487 per
1605 2432 1829 2476 exercitus
1860 2445 1935 2474 cu·
1981 2425 2011 2478 s'

339 2513 477 2553 ratius
509 2512 731 2566 leguntur,
765 2519 814 2554 ut
847 2519 1059 2554 noscatur
1091 2514 1199 2567 quid
1233 2513 1434 2554 Thrasea
1467 2527 1557 2554 non
1592 2511 1792 2554 fecerit.”
1984 2563 1990 2568 b

401 2591 504 2633 Scio
548 2593 604 2633 ad
649 2593 769 2633 istud
812 2606 893 2634 non
928 2593 1265 2634 defendendum
1298 2606 1322 2633 e
1355 2592 1734 2647 praecedentibus
1765 2590 1935 2637 nubem
1974 2573 2012 2645 55⁵

341 2671 654 2725 exemplorum
687 2673 873 2714 excitari
908 2685 1063 2727 posse:
1098 2673 1321 2726 principio
1349 2673 1455 2713 anni
1482 2672 1682 2714 Thrasea
1708 2672 1824 2714 vitat
1847 2670 1933 2714 sol·
1984 2698 2006 2723 ς,

338 2749 487 2791 lemne
536 2752 865 2802 iusiurandum;
922 2766 1005 2793 non
1060 2752 1190 2793 adest
1238 2751 1652 2806 nuncupationibus
1697 2757 1931 2803 votorum3

341 2843 560 2883 nunquam
609 2831 815 2873 immolat
863 2845 945 2885 pro
993 2831 1136 2872 salute
1185 2837 1263 2872 aut
1310 2831 1493 2872 caelesti
1538 2844 1648 2872 voce
1690 2826 1929 2887 principis;
1950 2875 1954 2878 ,

393 3002 426 3045 1)
452 3003 570 3043 Imago
596 3002 726 3035 codicis
753 3004 983 3047 phototypica
1007 3005 1077 3047 legi
1101 3005 1158 3036 hic
1186 3003 1320 3045 nequit.
