2040 3412
911 295 961 338 19

128 403 324 447 refutare
367 409 636 459 argumento
673 409 864 445 conatus
895 409 978 453 est,
1013 404 1136 458 quod
1171 418 1273 446 mea
1303 410 1488 459 recepta
1521 406 1734 447 emenda-

129 485 255 527 tione
288 485 346 526 de
378 499 485 527 novo
512 484 570 526 sit
598 484 893 538 cogitandum
922 498 1115 535 veneno,
1144 485 1267 539 quod
1287 484 1424 540 prius
1450 485 1582 526 fuerit
1612 486 1734 526 inve-

131 565 348 607 niendum
391 578 528 619 quam
569 564 627 605 ad
671 563 844 606 facinus
884 565 1163 606 transiretur.
1206 563 1297 606 Sed
1342 565 1464 606 idem
1507 565 1617 606 illud
1650 565 1734 606 erit

129 645 415 694 sumendum,
459 644 495 686 si
528 644 759 699 vulgatam
792 645 1023 699 sequimur
1055 644 1314 700 lectionem.
1349 644 1470 699 Quid
1505 644 1653 686 enim?
1688 644 1734 687 Si

47 720 74 766 J
130 725 193 768 nil
225 725 309 768 nisi
333 725 662 781 permiscentur
694 739 872 767 venena
904 726 1144 780 quaedam,
1179 726 1378 767 nascitur
1411 726 1582 780 aliquid
1611 726 1734 780 quod

130 807 277 851 minus
318 806 376 848 sit
417 806 580 847 efficax
622 820 758 861 quam
803 820 959 848 eorum
995 806 1104 848 illud
1139 807 1262 860 quod
1295 807 1353 848 sit
1386 807 1590 848 omnium
1622 807 1738 861 rapi-

67 878 69 888 ⁵
131 872 390 938 dissimums
429 887 618 929 fortasse
666 887 838 942 aliquid
880 888 1005 942 quod
1047 887 1182 942 plane
1226 888 1284 928 sit
1327 888 1587 929 innocuum.
1633 886 1738 929 Sive

14 958 27 999 Ῐ
103 969 296 1029 ‘herbas
338 968 511 1022 aliquas
554 981 696 1009 novas
738 967 929 1009 adhibet
972 968 1185 1017 Locusta,
1225 968 1319 1009 sive
1354 982 1529 1009 venena
1562 968 1740 1022 pridem

132 1055 256 1100 nota,
289 1050 392 1092 novi
421 1049 591 1103 aliquid
627 1049 667 1089 ei
701 1054 770 1090 est
803 1049 1115 1103 quaerendum
1150 1049 1581 1102 inveniendumque.
1617 1049 1740 1103 Ergo

132 1130 228 1173 sive
269 1130 481 1184 rapidum
523 1128 727 1183 legimus,
772 1129 868 1170 sive
910 1129 1130 1184 rapidius,
1174 1129 1469 1182 cogitandum
1509 1128 1641 1169 nobis
1673 1134 1742 1169 est

133 1210 192 1252 de
238 1209 391 1263 aliquo
433 1208 706 1250 laboratorio
748 1208 988 1263 toxologz'co
1032 1209 1155 1262 quod
1202 1209 1328 1249 iuxta
1371 1208 1575 1250 Caesaris
1619 1208 1741 1249 cubi—

133 1289 284 1332 culum
311 1289 445 1331 fuerit
471 1289 756 1330 instructum.
787 1289 1108 1330 Incredibilem
1138 1303 1232 1330 rem
1262 1303 1359 1330 esse
1388 1289 1504 1330 hanc
1533 1288 1743 1330 lubenter

133 1370 408 1413 Andreseno
449 1370 669 1411 concedo.
714 1368 820 1419 Sed,
864 1375 914 1411 ut
956 1369 1180 1419 dicebam,
1221 1369 1454 1418 veneficia,
1489 1370 1546 1411 de
1580 1369 1744 1423 quibus

135 1456 288 1494 narrat
329 1450 530 1500 Tacitus,
574 1450 843 1505 plerumque
886 1450 1151 1491 incredibile
1195 1450 1368 1491 habent
1401 1449 1585 1503 aliquid,
1621 1450 1744 1503 quod

135 1531 278 1574 nostri
320 1531 408 1572 loci
451 1544 543 1572 non
587 1530 734 1571 minus
777 1530 894 1572 bene
938 1515 1075 1571 docet
1112 1529 1298 1584 vulgata
1331 1544 1467 1584 quam
1502 1531 1748 1571 emendata

136 1611 288 1654 lectio.

198 1693 331 1734 Nunc
373 1692 430 1733 de
464 1691 662 1733 Martina
695 1676 1057 1745 veneficaquae
1082 1696 1320 1732 narrantur
1354 1690 1410 1731 A.
1448 1690 1528 1740 III,
1565 1701 1589 1745 7
1625 1690 1748 1732 vide-

138 1786 279 1814 amus.
323 1772 511 1813 Frustra
548 1785 619 1813 me
653 1786 711 1813 ex
744 1771 820 1812 illo
853 1771 1117 1825 labyrintho
1151 1771 1380 1826 quaesisse
1414 1772 1586 1812 exitum
1621 1784 1748 1825 prae-

140 1866 320 1894 moneo.
363 1852 573 1906 „Erecti”
605 1852 669 1893 ait
702 1852 888 1893 Tacitus
925 1857 1079 1905 „erant
1112 1852 1315 1893 omnium
1348 1852 1487 1892 animi
1521 1852 1749 1906 petendae

139 1947 164 1975 e
199 1932 391 1975 Pisone”
425 1933 518 1988 (qui
552 1933 874 1975 Germanicum
909 1946 1087 1974 veneno
1121 1946 1307 1974 necasse
1336 1932 1589 1986 dicebatur)
1624 1931 1750 1985 „ulti—

141 2014 241 2056 onis
272 2019 320 2055 et
351 2013 510 2055 creber
543 2019 640 2055 erat
673 2019 881 2067 questus:

201 2095 326 2149 quod
353 2108 494 2148 vagus
521 2094 702 2135 interim
731 2094 865 2149 (Piso)
896 2108 976 2148 per
1001 2107 1196 2135 amoena
1224 2093 1363 2135 Asiae
1389 2099 1527 2147 atque
1546 2092 1751 2134 Achaiae

142 2176 383 2231 adroganti
416 2181 463 2217 et
493 2175 687 2217 subdola
721 2189 848 2216 mora
881 2174 1101 2216 scelerum
1130 2175 1425 2228 probationes
1453 2174 1751 2229 subverteret.

144 2257 264 2298 Nam
291 2255 527 2311 vulgatum
554 2261 652 2297 erat
680 2255 876 2305 missam,
907 2260 956 2296 ut
984 2255 1091 2304 dixi,
1121 2269 1146 2295 a
1175 2254 1256 2296 Cn.
1286 2253 1445 2296 Sentio
1474 2254 1566 2308 (qui
1593 2253 1751 2306 Syriae

144 2343 366 2393 praeerat,
415 2337 590 2378 Pisonis
637 2349 882 2385 successor,
931 2335 985 2376 cf.
1037 2336 1093 2384 ΙΙ,
1144 2335 1215 2390 74)
1259 2334 1479 2375 famosam
1525 2333 1754 2374 veneficiis

147 2417 392 2459 Martinam
439 2417 590 2458 subita
636 2421 783 2457 morte
833 2415 1058 2456 Brundisii
1103 2414 1390 2463 exstinctam,
1435 2426 1754 2466 venenumque

146 2498 269 2539 nodo
317 2496 508 2538 crinium
557 2497 652 2537 eius
701 2494 994 2544 occultatum,
1044 2508 1127 2535 nec
1173 2494 1262 2535 ulla
1304 2493 1349 2534 in
1393 2507 1584 2547 corpore
1627 2493 1755 2546 signa

147 2578 317 2633 sumpti
350 2578 477 2619 exitii
510 2575 736 2631 reperta”.

208 2657 336 2712 Quae
369 2657 479 2712 quid
513 2657 701 2699 tandem
734 2656 818 2697 sibi
852 2654 1040 2697 volunt?
1069 2655 1406 2709 Argumentum
1434 2654 1522 2695 loci
1550 2653 1636 2694 huc
1666 2652 1758 2694 fere

147 2739 295 2780 redire
323 2738 482 2779 statuit
511 2737 841 2791 Nipperdeius:
876 2735 1113 2788 „Martina‚
1143 2748 1420 2788 quamquam
1450 2733 1638 2775 dubium
1667 2746 1758 2774 non

149 2824 246 2860 erat
278 2819 388 2873 quin
422 2831 649 2859 venenum
682 2817 948 2871 sumpsisset
982 2815 1085 2870 (hoc
1119 2815 1240 2856 enim
1274 2829 1374 2856 eam
1402 2828 1582 2868 semper
1612 2813 1760 2854 occul-

149 2905 296 2942 tatum
327 2912 481 2940 secum
514 2897 726 2938 habuisse
761 2897 900 2937 modo
934 2901 1032 2936 erat
1063 2895 1314 2950 cognitum)
1350 2901 1504 2936 tamen
1538 2893 1760 2935 eiusmodi

151 2980 274 3022 necis
318 2979 439 3020 nulla
482 2978 684 3019 habebat
717 2978 763 3018 in
796 2990 987 3031 corpore
1021 2976 1150 3030 signa
1182 2982 1363 3030 aperta3
1398 2976 1620 3017 habuerat
1653 2987 1761 3028 ergo
