2040 3412
929 278 984 331 83

160 394 316 437 Livius
348 400 394 436 et
426 395 488 436 ob
521 409 622 436 eam
655 409 751 436 rem
785 383 978 437 multum
1011 402 1079 438 est
1112 397 1156 439 in
1178 396 1280 439 'eius
1309 398 1523 453 exemplo
1551 399 1764 453 praesidii

159 473 391 517 Cremutio
416 473 460 528 ¹).

54 613 59 620 Ο
219 553 395 609 Quodsi
437 555 538 609 quis
579 568 652 596 me
695 560 840 609 rogat,
884 556 993 608 quid
1038 569 1146 610 ergo
1189 558 1247 598 sit
1289 559 1531 613 oppositum
1565 559 1684 608 fidei,
1719 559 1764 600 in

158 641 375 691 promptu
409 641 477 676 est
509 649 792 690 responsum.
828 636 911 677 Est
943 636 1179 688 discordia,
1214 639 1338 692 quod
1373 639 1646 681 vocabulum
1678 640 1764 681 Ta-

64 713 70 720 ’
157 715 250 756 cito
293 715 338 756 in
371 715 544 757 deliciis
577 729 675 757 esse
708 716 901 766 videtur,
937 731 1086 771 neque
1119 723 1273 759 tamen
1306 733 1486 773 semper
1518 734 1598 760 suo
1632 734 1765 761 sensu

157 795 392 850 accipitur.
428 795 562 836 Dabo
597 809 736 836 unum
770 801 817 836 et
849 795 1041 838 alterum
1074 796 1248 839 locum:

219 875 278 917 H.
311 875 346 924 1,
383 884 451 928 53.
489 874 711 928 „Caecina
743 889 877 929 aegre
910 890 1069 931 passus
1102 877 1178 931 (sc.
1212 891 1260 918 se
1293 892 1319 919 a
1352 877 1497 920 Galba
1530 879 1766 934 peculatus

156 939 435 1009 accusatum)
484 956 671 997 miscere
721 961 886 997 cuncta
933 962 980 997 et
1029 957 1206 1011 privata
1254 955 1440 1001 vulnera
1487 959 1764 1014 reipublicae

157 1035 288 1077 malis
329 1036 506 1090 operire
547 1036 720 1077 statuit.
766 1036 863 1077 Nec
908 1037 1097 1078 deerant
1139 1038 1184 1078 in
1228 1039 1430 1080 exercitu
1471 1040 1645 1081 semina
1679 1041 1766 1082 dis-

140 1115 354 1166 cordiae,
387 1116 511 1170 quod
545 1121 592 1157 et
625 1115 746 1157 bello
778 1117 996 1158 adversus
1025 1117 1270 1159 Vindicem
1297 1119 1532 1161 universus
1558 1120 1767 1162 adfuerat

158 1208 242 1237 nec
268 1195 353 1236 nisi
381 1196 532 1237 occiso
562 1195 746 1237 Nerone
773 1196 1018 1238 translatus
1045 1198 1090 1238 in
1121 1197 1314 1239 Galbam
1342 1204 1480 1252 atque
1509 1200 1554 1240 in
1581 1213 1636 1241 eo
1664 1200 1765 1254 ipso

157 1281 443 1317 sacramento
476 1275 653 1317 vexillis
685 1276 908 1318 inferioris
943 1277 1213 1319 Germaniae
1247 1285 1522 1332 praeventus
1555 1279 1694 1321 erat''.

217 1355 491 1398 Accuratius
522 1356 669 1398 fuerat
700 1357 773 1398 hic
805 1358 916 1412 agri
935 1357 1118 1412 fertilis
1150 1359 1346 1412 imagine
1378 1360 1457 1409 uti,
1486 1360 1530 1400 in
1559 1373 1650 1414 quo
1679 1361 1767 1401 dis-

157 1436 341 1478 cordiae
395 1437 568 1478 semina
615 1451 746 1479 suum
794 1438 879 1479 sibi
928 1438 1060 1480 facile
1107 1439 1364 1480 invenirent
1412 1440 1766 1482 nutrimentum:

158 1517 358 1571 angebat
400 1518 521 1558 enim
561 1531 639 1558 eos
671 1518 951 1560 conscientia
985 1519 1394 1573 intelligebantque
1428 1533 1518 1561 non
1554 1534 1686 1574 posse
1719 1534 1766 1562 se

154 1595 333 1638 Galbae
365 1597 508 1638 videri
531 1597 747 1651 *partibus
773 1598 913 1652 ipsius
942 1613 999 1639 ex
1027 1600 1165 1640 animi
1194 1601 1421 1641 sententia
1450 1601 1646 1642 deditos.
1675 1600 1766 1642 Sed

149 1686 458 1732 quaecunque
486 1683 555 1719 est
583 1684 734 1720 cetera
759 1678 847 1720 loci
875 1680 1117 1729 sententia,
1145 1681 1416 1721 discordiam
1445 1694 1542 1721 esse
1566 1687 1767 1722 mentem

26 1758 33 1771 ³
159 1771 316 1800 eorum
359 1759 436 1812 qui
474 1758 604 1799 facile
637 1772 664 1800 a
697 1760 925 1813 praesenti
960 1760 1216 1800 desciscant
1248 1760 1524 1814 imperatore
1558 1766 1767 1814 apertum

160 1843 244 1879 est.
283 1837 350 1879 Cf.
385 1851 423 1879 c.
456 1839 515 1880 60
551 1838 648 1891 „Ne
681 1839 725 1880 in
761 1839 995 1880 Britannia
1028 1840 1215 1893 quidem
1249 1841 1522 1882 dubitatum.
1557 1840 1769 1882 Praeerat

160 1917 414 1960 Trebellius
467 1919 708 1968 Maximus,
758 1933 839 1973 per
887 1920 1124 1961 avaritiam
1172 1934 1225 1961 ac
1274 1922 1430 1962 sordes
1477 1927 1768 1975 contemptus

160 1994 379 2040 exercitui
412 1999 688 2053 invisusque.
716 1999 1020 2041 Accendebat
1049 2001 1204 2041 odium
1234 2001 1328 2041 eius
1357 2001 1547 2042 Roscius
1576 2001 1768 2051 Caelius,

161 2077 336 2132 legatus
369 2079 611 2120 vicesimae
643 2079 849 2134 legionis,
884 2080 992 2121 olim
1024 2080 1222 2122 discors⁹⁹
1256 2081 1283 2121 i.
1313 2094 1351 2120 e.
1379 2081 1436 2122 ad
1466 2082 1768 2122 resistendum

161 2158 424 2213 provinciae
466 2160 663 2213 praesidi
708 2174 974 2214 propensus.
1016 2161 1075 2201 Et
1110 2160 1245 2214 paulo
1279 2166 1384 2215 post
1422 2175 1573 2215 „eoque
1603 2162 1768 2202 discor-

161 2239 262 2280 diae
301 2238 521 2289 ventum”,
564 2240 641 2280 ubi
681 2254 772 2281 non
807 2241 864 2280 de
898 2240 1116 2281 militibus
1149 2241 1266 2282 inter
1296 2254 1341 2281 se
1371 2240 1656 2294 litigantibus
1687 2242 1767 2282 sed

161 2318 219 2360 de
252 2319 470 2360 militibus
501 2320 719 2361 adversus
749 2321 899 2361 ducem
931 2335 1059 2362 suum
1094 2320 1440 2361 contumacibus
1474 2321 1636 2374 agitur.

225 2398 283 2440 H.
319 2399 376 2448 II,
410 2410 450 2453 7.
485 2399 574 2441 Cur
618 2400 854 2441 Mucianus
899 2400 1300 2454 Vespasianusque
1344 2401 1547 2441 nondum
1592 2401 1770 2455 imperii

163 2476 290 2518 frena
313 2477 358 2518 in
383 2491 543 2519 manus
567 2492 745 2520 sumere
765 2479 907 2521 velint
925 2485 970 2520 et
988 2479 1086 2520 aliis
1103 2480 1253 2520 verbis
1273 2480 1543 2521 describitur
1560 2486 1606 2522 et
1625 2481 1768 2523 hisce:

216 2680 250 2721 ι)
277 2679 357 2720 Quo
390 2680 495 2711 modo
530 2690 572 2711 ex
606 2681 691 2722 Agr.
722 2689 775 2722 10,
801 2689 824 2720 4
849 2685 1015 2721 appareat
1040 2681 1162 2723 fidem,
1197 2680 1225 2711 si
1258 2691 1336 2712 eum
1366 2680 1570 2722 eloquentia
1595 2681 1770 2725 iungatur,

164 2737 255 2770 nihil
280 2748 354 2770 esse
380 2748 483 2780 posse
510 2748 614 2780 quam
642 2737 980 2779 „Zuverlassigkeit”
1003 2738 1115 2780 (quod
1137 2737 1299 2779 perhibet
1322 2737 1563 2782 Andresenus)
1586 2749 1659 2771 non
1681 2750 1771 2772 asse·

166 2805 271 2838 quor:
298 2796 348 2828 ibi
375 2796 468 2828 enim
494 2787 573 2827 curn
598 2795 802 2837 eloquentia
829 2795 1054 2837 coniungitur
1079 2794 1151 2838 (vel
1175 2796 1292 2838 potius
1317 2795 1541 2838 eloquentiae
1563 2795 1772 2842 opponitur)

165 2863 239 2885 non
258 2854 351 2897 fides
376 2864 495 2886 verum
521 2864 640 2885 rerum
658 2853 760 2896 fides.
788 2853 918 2884 Nostro
944 2853 1121 2885 annalium
1146 2853 1225 2885 loco
1252 2853 1281 2885 si
1298 2854 1390 2897 fides
1416 2858 1486 2886 est:
1516 2855 1771 2897 „Zuverlassig-

165 2909 262 2943 keit’‘
297 2911 647 2955 (Glaubwit'rdigkeit
678 2910 735 2942 hic
769 2910 913 2942 dixerim
948 2911 1094 2955 potius),
1126 2911 1261 2943 nullum
1296 2921 1436 2953 prorsus
1471 2911 1648 2944 Cremutio
1674 2924 1773 2955 argu-

166 2975 322 3001 mentum
348 2970 469 3002 Livius
495 2969 651 3011 praebet.
