2040 3412
922 317 1001 362 137

157 426 289 471 Plinii
322 427 356 476 Ι,
394 435 413 480 5
457 426 514 468 de
558 426 746 481 Aquilio
790 427 983 483 Regulo,
1026 441 1083 470 ne
1127 418 1246 470 nunc
1289 427 1550 469 iniuriarum
1594 425 1761 468 calum-

0 525 2 535 ’
157 508 425 562 uiarumque
467 520 648 549 suarum
693 522 864 563 poenas
907 509 986 551 det
1027 507 1236 550 sollicito.
1281 507 1372 551 Sed
1409 521 1500 549 non
1535 507 1763 549 delatores

151 593 336 631 tantum
378 593 425 630 et
467 601 639 639 omnes,
683 590 760 644 qui
795 590 1062 631 Domitiano
1095 595 1315 644 regnante
1347 589 1604 644 potentiam
1634 601 1762 630 suam

72 663 106 728 -Jssj'
156 667 400 711 crudeliter
441 674 753 719 exercuerant,
786 669 832 710 in
866 683 1032 724 magno
1064 675 1172 711 tunc
1207 669 1504 711 versabantur
1536 668 1762 724 periculo;

67 732 100 802 {2}
156 746 220 810 illi
263 761 447 804 quoque
490 749 534 790 in
574 749 793 790 invidiam
825 750 1185 800 adducebantur,
1219 749 1296 804 qui
1329 755 1406 791 aut
1440 763 1466 790 a
1498 749 1763 790 Domitiano

156 827 365 890 altiorem
409 828 607 883 aliquem
650 829 695 870 in
738 829 971 884 republica
1009 829 1159 871 locum
1193 834 1479 884 acceperant,
1513 834 1591 870 aut
1624 829 1762 870 etiam

67 917 83 963 g
157 908 270 952 salvi
298 908 524 951 funestam
553 908 674 951 illam
702 910 855 951 multis
883 911 1244 952 dominationem
1262 915 1514 952 evaserant.
1534 910 1585 951 In
1604 923 1761 951 eorum

56 982 97 1036 5
129 1042 132 1046 .
159 1002 348 1033 numero
374 996 422 1032 et
449 989 666 1045 Agricola
694 990 791 1041 fuit,
819 979 895 1046 qui
922 991 1029 1033 licet
1056 976 1347 1045 tyrannus'ei
1376 990 1759 1046 pmconsalutum,

117 1062 133 1082 ²
157 1083 296 1125 quem
327 1076 603 1125 speraverat,
636 1070 864 1121 inviderit,
897 1077 1052 1113 tamen
1082 1059 1167 1126 *per
1201 1072 1361 1113 decem
1388 1085 1531 1112 annos
1560 1072 1763 1126 privatus

87 1140 90 1141 ⁷
156 1156 205 1195 et
230 1156 356 1194 tutus
381 1151 440 1193 ab
469 1151 545 1193 illo
574 1145 702 1193 vigit.
732 1151 894 1206 Neque
923 1153 1019 1206 ipse
1049 1165 1214 1206 negare
1242 1151 1428 1192 Tacitus
1456 1156 1609 1206 potest
1635 1165 1763 1192 suam

67 1253 105 1279 ῃ
158 1231 430 1287 dignitatem
471 1245 497 1273 a
541 1232 807 1274 Domitiano
849 1232 1027 1286 longius
1070 1237 1337 1286 provectam
1371 1231 1445 1286 (H.
1480 1232 1514 1282 I,
1555 1231 1606 1286 1).
1641 1230 1762 1285 Quid

102 1301 105 1304 .
158 1313 284 1368 quod
315 1326 397 1368 per
428 1312 604 1367 aliquot
635 1326 780 1354 annos
812 1313 857 1354 in
890 1318 1098 1354 senatum
1126 1313 1252 1354 venit
1280 1326 1383 1354 cum
1411 1312 1673 1354 saevissima
1700 1311 1763 1353 ibi

158 1393 320 1436 fierent
368 1393 588 1444 consulta,
637 1394 903 1435 Domitiano
951 1393 1102 1435 vultus
1146 1393 1426 1448 singulorum
1469 1398 1674 1442 notante,
1719 1397 1765 1434 et

158 1464 338 1516 tantum
381 1473 527 1515 abfuit
568 1479 617 1515 ut
660 1473 721 1515 illi
764 1474 1036 1528 turpitudini
1079 1470 1335 1523 obsisteret,
1380 1479 1429 1514 ut
1467 1478 1628 1528 postea
1660 1485 1764 1514 cum

157 1554 332 1609 gemitu
364 1553 667 1608 lamentisque
699 1553 938 1596 fateretur:
978 1559 1185 1607 „nostrae
1219 1555 1391 1596 duxere
1426 1553 1689 1595 Helvidium
1719 1554 1763 1594 in

160 1647 389 1676 carcerem
433 1647 605 1684 manus,
649 1648 732 1675 nos
773 1635 1007 1695 innocenti
1048 1635 1267 1689 sanguine
1306 1633 1499 1677 Senecio
1537 1633 1765 1689 perfudit⁹³

162 1714 290 1771 (Agr.
322 1714 397 1770 45)
425 1713 468 1769 ¹).
503 1714 564 1756 Et
597 1714 685 1756 alia
716 1728 839 1769 ergo,
873 1715 930 1756 de
963 1715 1181 1770 Agricola
1214 1729 1412 1765 narrans,
1447 1716 1527 1757 sed
1561 1715 1647 1757 hoc
1680 1715 1768 1757 for-

53 1794 57 1799 “
83 1800 105 1817 *³
125 1799 280 1838 -sstasse
318 1796 562 1850 praecipue
596 1796 910 1838 demonstrare
942 1796 1119 1837 studet:
1159 1810 1317 1851 „posse
1350 1796 1488 1837 etiam
1521 1796 1605 1837 sub
1638 1795 1767 1837 malis

13 1897 18 1910 1
53 1867 58 1879 ’
158 1875 439 1930 principibus
472 1889 664 1930 magnos
697 1877 818 1917 viros
851 1890 961 1926 esse,
997 1876 1360 1931 obsequiumque
1393 1890 1445 1918 ac
1479 1876 1768 1926 modestiam,

155 1955 192 1997 si
220 1955 439 1997 industria
467 1969 520 1997 ac
551 1957 681 2010 vigor
707 1956 870 2006 adsint,
901 1970 1058 1998 eorum
1086 1956 1243 1998 laudes
1271 1957 1507 2006 excedere,
1534 1957 1610 2010 qui
1634 1956 1765 2010 pleri-

158 2049 248 2090 que
281 2049 363 2090 per
393 2036 602 2091 abrupta,
637 2038 718 2079 sed
754 2038 799 2078 in
829 2037 1002 2078 nullum
1032 2038 1095 2078 rei
1126 2037 1335 2092 publicae
1365 2051 1494 2079 usum
1526 2037 1761 2080 ambitiosa

158 2120 306 2158 morte
333 2105 673 2158 *inclaruerunt”
708 2117 835 2172 (Agr.
868 2118 957 2172 42).
991 2118 1260 2159 Laudantur
1291 2117 1364 2158 hic
1393 2118 1470 2172 qui
1498 2117 1581 2158 sub
1607 2117 1764 2158 Domi-

160 2196 285 2238 tiano
318 2197 502 2239 modesti
532 2196 712 2238 fuerunt
741 2203 787 2239 et
814 2198 857 2238 in
886 2198 1081 2252 obsequio
1109 2198 1418 2252 perstiterunt,
1450 2198 1591 2252 iisque
1621 2211 1764 2252 oppo-

161 2282 328 2319 nuntur
359 2282 498 2332 atque
530 2278 638 2319 satis
670 2291 827 2320 severe
862 2278 1225 2332 perstringuntur
1261 2279 1363 2332 „qui
1398 2279 1442 2319 in
1477 2278 1648 2319 nullum
1680 2278 1763 2319 rei-

162 2356 371 2412 publicae
413 2371 543 2399 usum
576 2358 819 2400 ambitiosa
853 2364 998 2400 morte
1031 2358 1380 2400 inclaruerunt”.
1416 2357 1504 2412 Qui
1538 2364 1642 2400 sunt
1674 2357 1764 2400 illi?

51 2414 73 2450 j
111 2482 114 2483 ⁷
163 2437 425 2493 Philosophi
453 2439 497 2480 in
527 2439 650 2480 curia
676 2439 821 2489 stoici,
852 2439 929 2493 qui
953 2439 1133 2493 quidvis
1156 2439 1333 2493 perpeti
1353 2438 1608 2503 maluerunt
1624 2452 1762 2493 quam

158 2530 185 2559 a
212 2523 335 2559 recta
362 2519 641 2560 conscientia
669 2518 741 2560 vel
768 2525 1075 2560 transversum
1103 2533 1300 2573 unguem
1326 2519 1604 2568 recederent,
1623 2524 1761 2573 atque

157 2610 266 2652 ergo
314 2598 566 2640 Domitiani
613 2599 850 2641 saevitiam
898 2613 1075 2640 summa
1122 2612 1225 2640 cum
1271 2599 1482 2640 libertate
1530 2604 1760 2640 notarunt.

158 2676 264 2720 Non
292 2684 444 2734 potest
473 2693 564 2721 non
593 2680 805 2722 admirari
834 2680 953 2721 viros
981 2679 1079 2720 illos
1108 2693 1297 2733 magnos
1324 2679 1522 2728 Tacitus,
1542 2684 1588 2720 et
1605 2684 1759 2720 tamen

159 2758 215 2800 de
254 2756 414 2800 eorum
447 2759 657 2802 laudibus
689 2774 826 2814 quam
860 2759 1102 2814 plurimum
1137 2759 1377 2801 detrahere
1410 2759 1586 2801 studet:
1622 2759 1760 2812 sentit

211 2951 246 2995 1)
273 2952 450 2985 Praeclare
474 2952 540 2985 hac
566 2952 609 2984 de
635 2962 670 2984 re
695 2952 768 2995 egit
792 2951 998 2984 Boissierius
1024 2951 1060 2984 in
1087 2952 1130 2984 iis
1155 2951 1521 2995 commentationibus,
1546 2962 1632 2995 quas
1654 2951 1759 2984 modo

159 3008 355 3043 laudabam.
