2040 3412
888 282 942 325 23

112 389 218 433 dem
261 387 498 432 nocuerit”
532 389 604 431 vel
642 403 724 443 „ne
754 399 996 447 serpentem
1030 392 1215 447 quidem
1250 392 1498 436 occiderit’'
1532 393 1717 434 diceret.

70 508 79 519 ,
111 484 113 486 ·
166 469 284 512 Tam
315 475 469 512 autem
502 470 587 525 ipsi
621 476 808 512 naturae
843 462 1039 512 hominis
1071 472 1279 513 innatum
1307 477 1375 513 est
1404 471 1512 514 illud
1543 473 1717 522 vitium,

47 551 296 614 fetamque
338 549 517 592 facilem
558 549 699 592 habet
741 552 1098 601 excusationem,
1143 557 1192 592 ut
1235 552 1420 593 minime
1465 552 1627 593 mirum
1662 553 1720 593 sit

51 630 248 678 etiam
289 631 335 673 in
376 631 727 673 cultissimorum
760 633 1033 687 scriptorum
1066 632 1191 674 libris
1225 633 1436 687 exempla
1469 634 1564 674 eius
1596 635 1719 675 inve-

44 715 82 759 ,τ’
109 712 209 756 niri.
253 711 324 754 De
367 711 582 767 exemplo
625 726 651 754 a
690 712 834 754 Pollio
868 726 893 754 e
927 694 1241 755 Demosthene
1276 713 1455 768 prolato
1488 714 1577 755 iam
1611 714 1719 763 dixi,

106 798 156 836 et
183 793 371 835 omnino
398 806 498 834 rara
525 806 622 834 esse
651 793 814 848 opinor
841 808 958 848 quae
977 794 1085 835 nulli
1104 795 1193 836 sint
1212 794 1412 836 obnoxia
1430 795 1718 836 dubitationi.

112 872 255 929 Apud
297 873 509 915 Taciturn
552 878 707 915 tamen
751 874 842 915 duo
886 874 995 915 mihi
1041 874 1396 929 deprehendisse
1440 875 1621 916 videor:
1663 876 1720 916 de

43 936 77 997 17³
111 949 256 997 altero
287 979 346 984 —
377 959 517 1008 atque
549 953 659 995 illud
693 953 816 1008 prius
849 954 1077 1009 proferam
1110 979 1168 984 —
1200 961 1324 996 certa
1356 955 1465 996 mihi
1498 961 1589 997 stat
1622 969 1720 997 sen-

36 1037 60 1088 ᾲ
102 1022 272 1085 tentia,
306 1034 364 1076 de
397 1034 542 1076 altero
573 1034 778 1089 suspicor
809 1039 1002 1090 tantum.

173 1113 232 1156 H.
279 1114 314 1156 Ι.
360 1126 428 1168 33.
472 1113 692 1155 Discessit
734 1128 760 1155 a
803 1113 950 1156 Galba
988 1114 1113 1158 Otho
1145 1129 1284 1169 seque
1317 1116 1375 1156 ad
1409 1116 1722 1170 praetorianos

35 1205 49 1244 §j
73 1215 81 1252 3:
110 1193 319 1237 contulit.
363 1193 415 1235 In
453 1193 627 1236 Palatio
660 1194 711 1236 fit
744 1200 976 1236 certamen
1010 1196 1291 1250 opinionum.
1326 1196 1420 1237 Alii
1454 1202 1721 1251 exspectan-

46 1278 54 1291 *
111 1275 221 1317 dum
248 1288 346 1317 esse
372 1279 561 1316 censent
589 1274 954 1329 firmandumque
985 1275 1220 1326 Palatium,
1243 1282 1408 1330 sponte
1426 1277 1721 1318 emoriturum

52 1372 56 1376 ’
109 1355 475 1399 adversariorum
517 1355 740 1409 impetum
785 1355 883 1396 rati.
928 1355 1022 1396 Alii
1056 1361 1215 1397 contra
1258 1370 1411 1397 morae
1444 1362 1550 1397 sunt
1580 1357 1722 1411 impa-

44 1428 47 1430 ’
111 1436 280 1494 tientes
327 1434 614 1489 Galbamque
656 1435 714 1476 ad
757 1434 891 1476 fortia
933 1435 1126 1477 incitant
1168 1435 1368 1477 consilia.
1413 1436 1539 1478 Haec
1584 1437 1723 1491 ipsius

113 1515 263 1558 Taciti
295 1515 438 1558 verba
469 1521 594 1557 sunt:
1083 1496 1094 1511 ‘

173 1595 504 1638 Festinandum
532 1596 695 1637 ceteris
722 1596 977 1646 videbatur,
1005 1601 1252 1650 antequam
1281 1603 1503 1639 cresceret
1522 1598 1722 1640 invalida

114 1676 265 1720 adhuc
306 1677 560 1719 coniuratio
603 1690 865 1731 paucorum.
910 1673 1265 1731 Trepidaturum
1303 1678 1440 1718 etiam
1474 1678 1721 1728 Othonem,

33 1767 38 1774 ”
106 1757 192 1812 “qui
224 1757 393 1799 furtum
426 1757 669 1813 digressus,
701 1757 759 1799 ad
793 1757 975 1812 ignaros
1002 1757 1180 1807 inlatus,
1211 1759 1502 1799 cunctatione
1530 1772 1650 1799 nunc
1679 1765 1724 1800 et

51 1847 54 1849 ’
113 1838 308 1893 segnitia
338 1838 584 1879 terentium
615 1843 798 1892 tempus
831 1838 997 1879 imitari
1031 1838 1284 1892 principem
1318 1839 1477 1880 discat.

180 1918 329 1971 „Dum
361 1931 443 1959 nos
470 1923 651 1972 tempus
678 1916 908 1967 terimus’',
939 1918 1065 1959 aiunt
1098 1917 1248 1971 „Otho
1276 1918 1441 1960 imitari
1470 1919 1722 1973 principem

115 1997 293 2041 discit”.
322 1998 388 2040 At
416 1998 452 2039 si
481 1998 591 2039 nihil
620 1998 736 2040 ultra
765 1998 938 2040 Othoni
965 1999 1224 2052 acquiritur,
1254 2013 1391 2052 quam
1410 1999 1533 2053 quod
1552 1999 1724 2040 interea

52 2095 54 2097 ·
114 2079 294 2122 imitari
316 2079 638 2121 tantummodo
667 2079 920 2133 principem
949 2079 1095 2128 discit,
1126 2092 1216 2119 non
1240 2079 1489 2120 admodum
1507 2093 1722 2133 magnum

116 2172 244 2201 mora
290 2159 420 2200 affert
463 2158 727 2214 periculum.
772 2159 890 2200 Tum
935 2159 1119 2200 demum
1160 2159 1468 2200 festinandum
1513 2164 1644 2209 esset,
1687 2160 1722 2200 si

115 2243 394 2281 metueretur
425 2252 482 2280 ne
514 2252 596 2294 per
629 2238 815 2292 aliquod
849 2239 1069 2292 temporis
1095 2239 1382 2280 intervallum
1410 2239 1555 2280 bonus
1583 2240 1724 2293 impe-

116 2324 241 2361 rator
271 2323 318 2360 et
350 2319 523 2373 peritus
555 2318 790 2373 copiarum
823 2331 1004 2359 suarum
1032 2318 1126 2358 dux
1154 2317 1278 2359 Otho
1306 2318 1448 2359 fieret.
1479 2319 1539 2360 Et
1567 2333 1724 2360 revera

117 2397 227 2441 illud
255 2403 466 2440 metuunt
494 2399 570 2452 qui
599 2412 702 2439 cum
727 2397 873 2440 Galba
890 2398 1227 2451 quamprimum
1246 2398 1428 2439 obviam
1447 2399 1510 2440 ire
1529 2398 1724 2440 Othonis

120 2479 360 2521 conatibus
406 2465 621 2533 gestiunt,
671 2484 718 2519 et
764 2491 918 2519 secum
965 2478 1027 2518 sic
1069 2477 1338 2531 loquuntur:
1388 2492 1532 2531 „nunc
1574 2493 1723 2532 neque

121 2558 246 2602 Otho
273 2559 439 2600 milites
467 2559 596 2600 novit
625 2572 773 2612 neque
801 2557 863 2599 illi
892 2557 1138 2607 Othonem,
1168 2572 1286 2599 nunc
1315 2559 1423 2612 quid
1452 2565 1558 2613 agat
1582 2561 1726 2601 nescit

119 2639 281 2690 etiam;
316 2645 363 2681 at
395 2640 430 2680 si
464 2639 743 2693 aliquamdiu
775 2638 821 2679 in
854 2638 1012 2679 castris
1044 2639 1356 2692 permanserit,
1390 2640 1425 2680 si
1459 2640 1580 2681 vitae
1614 2639 1727 2680 mili-

119 2720 205 2762 tari
239 2720 390 2762 denuo
422 2720 684 2770 assueverit,
719 2724 768 2760 ut
796 2724 864 2759 est
892 2718 1031 2759 homo
1058 2719 1200 2759 comis
1227 2724 1273 2760 et
1300 2719 1532 2770 facundus,
1562 2720 1727 2762 milites

120 2800 206 2842 sibi
239 2799 470 2841 devinciet
503 2799 566 2840 ita
597 2805 646 2840 ut
680 2812 762 2853 pro
796 2797 872 2838 illo
907 2803 1162 2839 extremum
1195 2800 1321 2840 adire
1354 2800 1602 2854 periculum
1636 2815 1726 2842 non

121 2878 375 2921 recusent”.
403 2879 469 2921 At
498 2878 630 2920 simul
658 2878 905 2927 Othonem,
934 2879 1080 2919 virum
1101 2878 1379 2920 levissimum
1398 2880 1728 2935 voluptatibus-

123 2974 211 3015 que
254 2960 461 3002 deditum
503 2960 620 3001 adeo
663 2964 964 3001 contemnunt
1008 2965 1056 3000 ut
1089 2960 1147 3000 de
1180 2973 1235 3000 eo
1268 2966 1502 3015 tamquam
1535 2962 1591 3002 de
1623 2975 1728 3004 vero
