2040 3412
860 318 939 372 163

74 427 75 430 Ἴ
101 481 107 487 ,
152 439 212 481 Α.
241 439 276 489 Ι,
303 439 345 480 6.
379 437 640 492 „Agrippae
664 442 858 478 mortem
876 437 934 479 ab
953 437 1052 492 ipso
1071 436 1282 491 Augusto
1301 436 1468 478 iussam
1486 436 1702 477 Tiberius

30 527 35 545 ⁵
91 518 352 563 simulavit”
384 518 571 560 Tacitus
604 518 680 568 ait,
715 523 813 559 tum
846 519 909 559 sic
943 518 1115 572 pergit:

157 599 331 654 „Multa
347 599 443 640 sine
461 598 602 640 dubio
619 611 847 652 saevaque
863 598 1099 652 Augustus
1112 598 1168 639 de
1182 598 1383 639 moribus
1396 587 1702 638 adulescentis

68 667 294 736 ‘questus
322 684 372 721 ut
399 678 585 720 exilium
614 679 709 720 eius
736 678 1131 720 senatusconsulto
1154 679 1404 719 sanciretur
1427 677 1701 732 perfecerat:

16 754 35 790 ἒ
90 765 296 803 ceterum
343 760 387 801 in
437 759 600 801 nullius
642 773 843 813 unquam
886 773 1070 800 suorum
1113 772 1272 800 necem
1317 759 1510 808 duravit,
1554 772 1701 812 neque

14 854 39 896 fij
91 846 288 883 mortem
318 840 475 895 nepoti
504 853 586 899 pro
615 839 858 880 securitate
887 839 1081 894 privigni
1110 838 1297 880 inlatam
1321 838 1538 879 credibile
1562 838 1702 879 erat.”

22 979 23 983 Ἰ
155 920 380 964 Ultimum
429 920 703 962 vocabulum
750 928 851 966 erat
898 925 1162 974 corruptum
1205 933 1302 968 esse
1345 919 1454 961 mihi
1498 924 1701 968 constat3

93 1015 254 1045 sanum
297 1002 544 1050 crederem,
584 1001 618 1042 si
653 1001 726 1041 hic
759 999 1032 1042 referrentur
1051 1006 1346 1054 argumenta,
1381 1000 1545 1054 quibus
1578 1000 1702 1041 ducti
1737 1039 1742 1043 .

11 1079 35 1132 ’,1>
70 1089 316 1125 ·senatores
348 1081 518 1123 Tiberii
552 1080 784 1138 de'patris
818 1081 946 1140 iussis
980 1081 1219 1122 mendacio
1249 1081 1387 1122 fidem
1416 1095 1506 1122 non
1534 1080 1703 1122 habue-

8 1145 30 1191 ϊ
93 1162 198 1204 rint.
230 1161 296 1220 ᾼτ
329 1174 448 1202 nunc
480 1161 571 1216 ipse
596 1155 739 1202 se'cum
769 1160 975 1214 disputat
1003 1160 1189 1201 Tacitus
1218 1166 1264 1201 et
1292 1160 1488 1214 primum
1517 1161 1700 1214 quidem

72 1242 285 1284 2concedit
323 1240 509 1295 aliquid,
552 1229 644 1294 q‘uo
689 1241 746 1281 ad
792 1245 969 1294 patrem
1012 1239 1365 1281 insimulandum
1406 1241 1469 1281 uti
1503 1240 1705 1294 potuerit

95 1321 304 1363 Tiberius
333 1320 604 1376 (concedendi
629 1321 750 1361 enim
777 1320 868 1361 vim
887 1313 1003 1361 illud
1021 1321 1140 1373 „sine
1159 1320 1328 1361 dubio”
1347 1320 1517 1372 habet),
1537 1321 1703 1362 deinde

15 1390 20 1412 ³
94 1401 191 1457 ipse
218 1401 340 1444 idem
368 1401 477 1442 illud
507 1400 706 1442 infirmat
734 1400 818 1441 hac
847 1400 1190 1441 observatione:
1225 1406 1452 1453 „ceterum
1479 1401 1523 1441 in
1543 1400 1704 1441 nullius

94 1470 297 1536 unquam
346 1494 506 1522 necem
550 1479 776 1522 duravit.’'
821 1481 1057 1521 Postremo
1101 1494 1192 1534 quo
1234 1481 1344 1534 ipse.
1374 1480 1704 1521 deliberatione

26 1589 34 1617 3
95 1561 173 1604 illa
204 1561 397 1605 ducatur
430 1561 493 1602 sic
527 1561 740 1615 exponit:
781 1561 992 1614 „propius
1024 1574 1132 1601 vero
1166 1560 1400 1601 Tiberium
1429 1573 1481 1601 ac
1509 1560 1703 1609 Liviam,

95 1641 221 1684 illum
254 1641 542 1692 metu‚.hanc
576 1641 894 1682 novercalibus
922 1641 1042 1681 odiis
1071 1641 1268 1694 suspecti
1298 1646 1344 1681 et
1372 1641 1502 1681 invisi
1531 1641 1706 1682 iuvenis

10 1725 29 1769 ᾖ
70 1746 71 1750 =
96 1722 285 1764 caedem
317 1721 645 1764 festinavisse.'’
680 1720 812 1771 Satis,
847 1727 896 1762 ut
928 1721 1104 1775 opinOr,
1135 1734 1253 1761 nunc
1282 1726 1472 1774 apparet
1502 1728 1603 1762 erat
1629 1726 1706 1761 aut

97 1802 402 1844 omittendum
437 1807 516 1843 aut
543 1815 626 1856 pro
654 1815 709 1842 eo
737 1809 801 1843 est
826 1801 1071 1855 legendum
1100 1814 1212 1841 esse.
1244 1800 1361 1841 Nam
1391 1814 1527 1854 quem
1555 1801 1705 1841 locum

96 1882 171 1925 hic
203 1881 334 1924 affert
366 1882 612 1923 Furneaux
645 1895 682 1922 c.
720 1891 798 1935 53:

102 1962 318 2016 „litterae,
362 1975 474 2016 quas
517 1961 629 2003 Iulia
662 1962 779 2016 patri
818 1961 1028 2015 Augusto
1063 1975 1165 2002 cum
1199 1962 1497 2002 insectatione
1533 1961 1703 2002 Tiberii

97 2043 290 2098 scripsit,
323 2056 349 2084 a
382 2042 589 2084 Graccho
622 2042 904 2096 compositae
939 2041 1270 2083 credebantur⁹⁹

26 2115 49 2161 s
99 2123 195 2165 eius
226 2128 320 2164 tam
354 2122 534 2163 diversa
565 2128 634 2163 est
666 2121 855 2171 indoles,
885 2127 934 2162 ut
962 2123 1006 2162 in
1034 2135 1089 2163 eo
1119 2135 1209 2163 non
1238 2122 1547 2175 spernendum
1577 2135 1704 2162 meae

19 2192 34 2253 s
100 2202 388 2244 coniecturae
424 2202 570 2243 inesse
603 2201 941 2243 firmamentum
971 2215 1234 2255 persuasum
1270 2202 1379 2242 mihi
1413 2202 1482 2242 sit.
1528 2201 1705 2251 Altero,

20 2287 42 2345 ¹ss
100 2283 159 2324 ad
191 2296 328 2337 quem
360 2283 482 2324 idern
515 2297 557 2324 v.
592 2283 635 2324 d.
669 2287 904 2337 provocat,
941 2282 1023 2331 IV,
1059 2293 1136 2336 74:

166 2363 299 2417 „satis
342 2363 583 2404 constabat
624 2368 804 2404 auctam
849 2362 889 2402 ei
935 2361 1133 2416 (Seiano)
1176 2361 1485 2415 arrogantiam
1522 2361 1705 2402 foedum

26 2450 48 2474 ‘0
101 2442 211 2485 illud
244 2443 288 2484 in
322 2442 566 2497 propatulo
599 2442 834 2483 servitium
866 2440 1123 2496 spectanti'’

147 2525 246 2578 'pro
272 2523 498 2565 constabat
520 2522 764 2576 legendum
795 2526 892 2563 6556
919 2529 1088 2563 constat
1114 2535 1223 2562 mox
1243 2522 1556 2562 demonstrare
1575 2536 1708 2563 cona-

103 2603 200 2654 bor,
234 2604 374 2658 idque
407 2609 692 2658 argumento,
727 2609 776 2643 ut
811 2602 918 2643 mihi
953 2603 1139 2656 quidem
1174 2602 1367 2651 videtur,
1404 2603 1668 2643 certissimo.

163 2682 222 2725 A.
266 2684 300 2734 Ι,
343 2693 384 2738 7.
430 2684 495 2727 Ut
538 2689 759 2738 appareat
803 2688 950 2724 astute
1001 2682 1162 2723 callide
1211 2681 1519 2723 fraudulenter
1566 2683 1709 2736 egisse

105 2764 444 2818 mendaciisque
478 2777 606 2804 usum
640 2763 887 2811 Tiberium,
922 2776 1024 2803 cum
1052 2762 1206 2802 omnia
1232 2762 1294 2802 sic
1322 2767 1477 2816 ageret
1505 2762 1710 2816 loquere-

105 2847 268 2897 turque
309 2849 545 2898 tamquam
589 2843 624 2884 si
668 2844 725 2884 de
769 2856 816 2883 56
860 2843 1134 2896 imperatore
1177 2855 1324 2895 neque
1357 2842 1579 2895 cogitaret
1613 2843 1709 2897 ipse

27 2925 43 2971 's
106 2936 254 2978 neque
287 2924 474 2965 omnino
507 2923 696 2976 cogitari
730 2928 897 2976 posset,
932 2921 1044 2962 haec
1078 2921 1248 2975 profert
1282 2921 1489 2962 Tacitus:

172 3003 408 3058 „Ceterum
452 3003 668 3044 defuncto
714 3002 924 3056 Augusto
967 3003 1143 3056 signum
1179 3002 1415 3056 praetoriis
1448 3002 1711 3044 cohortibus
